1734 3067
312 110 894 217 ΑΠἈΤΤῙΟΠΜ
914 152 1036 209 Lm.
1062 153 1169 209 v1.
1249 151 1360 211 261

148 254 237 315 bi:
253 254 443 330 etiam,
462 268 529 315 ut
551 252 946 335 praefecturam
961 252 1180 332 Scaptio
1189 248 1368 312 defer·

0 330 29 430 ’ζ
151 360 297 402 rem.
339 340 401 399 id
418 360 553 400 vero
568 360 663 420 per
679 354 735 397 te
750 356 1162 419 exceperamus,
1178 358 1253 397 ne
1267 358 1368 398 ne·

152 428 449 507 gotiatori:
474 426 627 505 quod
657 424 697 485 fi
724 426 1007 503 cuiquam,
1029 427 1158 485 huic
1179 442 1368 485 tamen

155 534 305 575 non.
348 512 530 573 filei-at
558 514 707 571 enim
744 511 1046 591 praefectus
1069 512 1284 593 Appio;
1307 525 1370 570 et

157 598 657 680 quidemhabuerat
673 615 884 659 turmas
895 600 1140 677 equitum
1144 600 1368 676 ,quibus

155 684 431 749 inclusum
446 688 506 747 in
528 688 683 747 curia
698 693 962 745 Senatum
975 684 1249 745 Salamine·
1267 686 1369 745 ob-

156 770 394 849 sederat,
414 788 479 833 ut
499 771 639 833 fame
660 780 950 833 Senatores
973 774 1221 851 quinque
1246 792 1386 833 mo-.

156 875 436 921 terentur.
455 861 643 939 itaque
660 879 791 937 ego,
820 879 938 938 quo
957 858 1044 917 die
1057 860 1214 936 tetigi
1237 878 1370 939 pro·

156 948 427 1021 vinciam,
450 966 576 1007 cum
604 948 739 1006 mihi
772 946 970 1025 Cyprii
991 943 1156 1023 legati
1187 948 1370 1026 Ephe·

158 1030 280 1093 sum
309 1034 531 1095 obviam
554 1030 848 1107 veniss‘ent,
874 1032 1062 1091 literas
1079 1030 1220 1107 mifi,
1233 1046 1298 1091 ut
1311 1052 1370 1091 e·-

158 1119 350 1201 quites
377 1138 450 1179 ex
473 1116 651 1179 insula
672 1118 851 1179 statim
887 1117 1240 1179 decederent.
1283 1120 1378 1179 his

159 1204 235 1267 de
256 1204 423 1267 causis
438 1204 605 1266 credo
619 1207 896 1287 Scaptium
911 1206 1156 1285 iniquius
1189 1203 1256 1265 de
1281 1224 1374 1265 me

159 1292 373 1373 aliquid
386 1292 457 1353 ad
492 1298 725 1353 Brutum
753 1290 1028 1373 scripfiss‘e.
1075 1290 1166 1353 sed
1181 1307 1374 1353 tamen

159 1382 273 1439 hoc
301 1378 420 1443 sum
445 1381 671 1440 ani-moz
720 1378 765 1439 fi·
796 1387 1002 1439 Brutus
1041 1380 1256 1459 putabit
1281 1398 1374 1438 me

161 1480 461 1547 quaterna-s
472 1465 791 1527 eentefimas
802 1464 1099 1547 oportuiffi:
1114 1465 1374 1526 decerne·

162 1573 248 1628 re,
272 1555 369 1633 qui
392 1556 453 1613 in
476 1568 605 1615 tota
618 1554 910 1635 provincia
929 1550 1166 1629 fingulas
1192 1550 1388 1611 obser-.

160 1658 353 1701 vatem
359 1683 378 1715 ,
396 1642 590 1721 itaque
614 1638 918 1714 edixiss'em,
937 1639 1103 1719 idque
1133 1640 1296 1698 etiam
1321 1658 1380 1697 a·

162 1725 476 1787 cerbissimis
500 1726 940 1787 foeneratoribus
963 1726 1311 1805 probaretur3
1324 1721 1368 1785 fi

162 1812 554 1893 praefecturam
566 1814 898 1891 negotiatori
907 1812 1228 1889 denegatam
1236 1830 1376 1891 vque·-

161 1913 338 1974 retur,
366 1898 520 1978 quod
536 1920 641 1977 ego
658 1906 962 1978 Torquato
983 1898 1174 1959 nostro
1189 1901 1250 1957 in
1273 1914 1376 1959 tuo

164 1986 371 2061 Lenio,
405 1988 671 2067 Pompeio
700 1984 797 2066 ipfi
816 1988 882 2045 in
911 1994 1042 2047 Sex.
1072 1988 1250 2047 Statio
1275 2006 1377 2045 ne·

164 2072 318 2151 gavi,
351 2087 413 2131 et
433 2074 505 2133 iis
526 2074 786 2152 probavi3
818 2071 858 2131 fi
875 2074 1090 2152 equites
1113 2070 1376 2133 deductos

163 2155 388 2219 moleste
396 2158 673 2234 feret,acci
676 2161 821 2238 piam
834 2157 1086 2239 equidem
1107 2157 1386 2235 dolorem,

162 2246 302 2306 mihi
332 2244 485 2305 illum
510 2243 669 2305 irasci
686 2288 706 2320 ,
750 2241 843 2304 sed
875 2244 1056 2305 multo
1088 2243 1380 2321 majorem,

164 2350 289 2391 non
334 2329 437 2389 effie
473 2352 600 2391 eum
630 2330 817 2407 talem,
848 2332 1071 2411 qualem
1087 2328 1374 2411 putass'em.

164 2414 302 2476 illud
337 2416 557 2495 quidem
576 2416 839 2479 fatebitur
858 2418 1134 2498 Scaptius,
1163 2436 1255 2476 me
1284 2418 1385 2495 jus

165 2500 405 2585 dicente,
420 2501 519 2567 fibi
542 2524 771 2568 omnem
788 2506 1086 2590 pecuniam
1101 2522 1178 2565 ex
1203 2501 1386 2568 edicto
