1734 3067
372 108 491 185 408
650 108 1303 167 EmsToLARUM

372 210 519 270 idem
544 209 837 287 Pompeius
852 206 1037 267 faciat:
1069 208 1167 285 qui
1189 222 1252 265 ut
1267 205 1468 265 adduci
1482 205 1576 265 tali

372 311 625 373 tempore
656 294 725 352 ad
762 292 928 352 ullam
965 293 1348 351 conditionem
1387 293 1577 373 possit,

372 384 549 458 magis
576 396 739 459 opto,
762 400 927 458 quam
949 378 1129 457 spero.
1177 376 1267 438 sed
1291 400 1424 439 cum
1445 400 1578 437 con·

374 466 589 541 stiterit,
610 482 667 524 et
698 468 892 524 timere
925 464 1161 538 deflerit,
1179 479 1298 523 tum
1317 466 1579 544 incipiam

374 574 497 612 non
512 552 793 631 desperare
823 568 971 609 tuam
995 553 1378 609 auetoritatem
1409 552 1578 631 pluri·

372 659 527 697 mum
540 640 683 717 apud
700 659 824 696 eum
842 637 1151 696 valituram.
1199 637 1360 714 qued
1379 644 1581 696 Lentu·

372 724 491 783 lum
530 725 659 784 Cos.
686 746 862 782 meum
890 722 1105 781 voluisti
1145 725 1240 781 hic
1269 743 1580 797 remanere,

378 808 595 869 Caesari
629 825 865 885 gratum,
891 811 1027 866 mihi
1051 829 1188 867 vero
1225 809 1582 884 gratiffimum

374 896 753 955 mediusfidius
770 895 960 953 fecisti=
993 916 1124 952 nam
1141 893 1296 952 illum
1327 900 1480 953 tanti
1503 895 1584 954 fa-

374 984 493 1055 cin,
531 984 769 1060 quinon
804 979 1086 1038 Caesarem
1117 981 1290 1056 magis
1331 980 1583 1057 diligam:

373 1070 477 1147 qui
498 1066 537 1125 fi
558 1065 735 1147 paffus
750 1066 900 1141 effet,
915 1086 1022 1125 nos
1039 1064 1238 1138 fecum,
1269 1080 1336 1123 ut
1351 1065 1586 1127 consue·

374 1174 563 1213 samus
570 1197 588 1226 ,
604 1155 779 1231 Ῑοφιη
798 1169 855 1213 et
871 1173 987 1211 non
1005 1151 1055 1209 se
1073 1167 1252 1210 totum
1271 1155 1442 1213 etiam
1460 1168 1586 1212 ete·

378 1241 514 1299 tiam
536 1241 606 1297 ab
638 1238 884 1299 sermone
907 1237 1094 1297 nostro
1125 1236 1401 1297 avertiss‘et
1418 1280 1441 1313 ,

378 1346 488 1385 nus
503 1323 682 1400 miser,
707 1346 872 1405 quam
894 1323 1032 1399 sum,
1059 1322 1241 1383 effem.
1289 1344 1422 1383 nam
1451 1344 1588 1383 oeve

379 1425 541 1491 putes
572 1414 681 1471 hoc
712 1428 961 1491 tempore
991 1409 1114 1487 plus
1131 1430 1220 1467 me
1250 1429 1586 1489 quemquam

376 1498 631 1570 cruciari,
659 1497 810 1575 quod
828 1518 976 1569 eum,
1007 1516 1172 1575 quem
1201 1510 1332 1553 ante
1348 1516 1438 1553 me
1459 1496 1584 1555 dili-

380 1604 481 1662 g0‚
520 1582 685 1643 video
715 1586 777 1643 in
804 1582 1104 1641 Consulatu
1143 1580 1368 1660 quidvis
1397 1584 1582 1661 potius

382 1668 507 1742 effe,
523 1690 687 1747 quam
706 1667 1007 1730 consulem.
1027 1668 1178 1747 quod
1191 1666 1231 1725 fi
1248 1666 1497 1728 voluerit
1518 1669 1584 1726 ti-

380 1756 439 1813 bi
458 1757 855 1835 obtemperare,
871 1772 930 1814 et
950 1757 1112 1814 nobis
1142 1754 1210 1813 de
1225 1751 1454 1813 Caesare
1469 1774 1582 1814 cre·

380 1840 543 1916 dere,
572 1858 629 1900 et
666 1842 1026 1902 Consulatum
1065 1839 1334 1920 reliquum
1375 1846 1586 1899 Romae

380 1947 657 2007 peragere,
689 1930 948 2009 incipiam
964 1927 1193 2007 sperare,
1223 1928 1392 1985 etiam
1409 1924 1585 1986 confi-

358 2014 463 2073 -lio
491 2021 723 2073 Senatus
743 2058 762 2089 ‚
808 2018 1028 2075 auitore
1057 2028 1111 2072 te
1129 2056 1148 2087 ,
1179 2012 1280 2071 illo
1328 2012 1585 2086 relatore,

382 2101 704 2178 Pompeium
728 2116 783 2159 et
800 2099 1076 2159 Caesarem
1107 2098 1381 2175 conjungi
1415 2096 1582 2177 poffe.

301 2184 310 2191 “
384 2186 538 2265 quod
552 2185 799 2247 fifae'tum
816 2188 944 2260 erit,
963 2206 1048 2243 me
1065 2182 1194 2243 satis
1209 2181 1405 2242 vixiss'e
1425 2200 1582 2263 puta·

379 2274 480 2331 bo.
523 2270 727 2331 saelum
758 2270 1000 2331 Caesaris
1025 2270 1094 2331 de
1127 2268 1380 2329 Corfinio
1403 2284 1582 2328 totum

376 2372 474 2416 me
488 2360 847 2435 probaturum
869 2356 1027 2418 scito:
1063 2378 1178 2437 quo
1207 2354 1382 2416 modo
1401 2355 1462 2414 in
1484 2358 1582 2413 hu·

372 2440 619 2519 jusmodi
642 2462 724 2521 re,
746 2444 1094 2507 commodius
1123 2441 1318 2505 cadere
1349 2462 1472 2507 non
1485 2460 1582 2525 po-
