1734 3067
357 161 465 234 176
644 162 1310 221 EPISTOLARUM

344 272 407 317 ut
422 260 529 319 hoc
552 256 723 337 ipsum
740 257 1113 337 fignificarem,
1131 262 1436 320 mihituum
1453 259 1572 321 ad·-

342 351 569 405 ventu'm
579 342 1572 428 suaviffimum,expe6tatiffimumque

341 427 465 490 effe.
512 449 679 511 quare
694 430 894 491 advola
923 431 990 490 ad
1015 451 1121 491 nos
1154 451 1225 491 eo
1245 435 1467 508 animo,
1495 449 1568 493 ut

342 535 451 576 nos
475 536 647 590 ames,
663 531 718 577 te
734 518 904 577 amari
928 515 1082 577 scias.
1123 533 1334 577 caetera
1357 539 1564 581 coram

340 621 579 679 agemus.
628 605 760 664 haee
798 618 1159 684 properantes
1209 602 1558 683 seripfimus.

342 708 457 768 quo
473 689 559 748 die
586 691 797 763 venies,
810 691 1002 768 utique
1018 711 1140 749 cum
1165 691 1275 748 tuis
1293 690 1438 769 apud
1461 711 1564 751 me

337 772 431 833 fis.
477 773 719 854 perbelle
737 774 953 849 feceris,
989 773 1028 834 fi
1067 775 1135 834 ad
1166 795 1273 836 nos
1301 778 1554 837 veneris.

340 857 585 919 offendes
596 859 1022 939 designationem
1033 863 1426 940 Tyrannionis
1440 865 1556 922 mi-

338 944 547 1006 rificam
562 948 620 1005 in
631 946 899 1006 librorum
921 968 1167 1007 meorum
1183 948 1552 1023 bibliotheca3

338 1051 575 1112 quorum
614 1033 876 1112 reliquiae
903 1033 1080 1093 multo
1107 1033 1360 1094 meliores
1383 1033 1551 1110 sunt,

339 1138 503 1196 quam
520 1137 789 1198 putaram.
822 1123 985 1180 etiam
998 1120 1190 1179 vellem
1211 1122 1344 1179 mihi
1357 1123 1551 1181 mittas

334 1205 513 1264 deruis
552 1205 845 1266 librariolis
873 1206 1016 1266 duos
1041 1206 1286 1286 aliqum,
1338 1209 1549 1286 quibus

337 1294 637 1370 Tyrannio
656 1308 841 1352 utatur
854 1294 1308 1372 glutinatoribus,
1335 1292 1403 1351 ad
1429 1313 1552 1353 cae·

338 1393 451 1437 tera
474 1377 825 1438 administris:
866 1378 1040 1458 iisque
1073 1379 1327 1459 imperes,
1369 1395 1433 1438 ut
1455 1377 1546 1438 su-

332 1481 492 1524 mant
526 1466 982 1540 membranulam,
1009 1485 1080 1523 ex
1103 1475 1214 1543 qna
1247 1464 1457 1524 indices
1474 1465 1543 1525 fi-

337 1566 457 1628 ant,
472 1571 613 1628 quos
631 1571 734 1610 vos
748 1554 965 1628 Graeci,
987 1566 1047 1609 ut
1063 1553 1287 1630 opinor,
1303 1563 1544 1617 συλλάευς

336 1637 644 1718 appellatis.
690 1635 778 1696 sed
795 1641 952 1714 haec,
989 1635 1027 1696 fi
1045 1638 1144 1696 tibi
1161 1639 1264 1696 erit
1283 1657 1540 1697 commo·

333 1725 485 1784 dum.
534 1721 645 1804 ipse
661 1726 1004 1803 veroutique
1033 1723 1118 1782 fac
1141 1725 1355 1797 venias,
1380 1721 1418 1781 fi
1433 1743 1540 1803 po·

332 1827 417 1871 tes
433 1811 492 1870 in
504 1813 589 1870 his
612 1809 750 1870 locis
768 1807 1158 1884 adhaerescere,
1175 1826 1230 1868 et
1247 1811 1435 1869 Piliam
1445 1809 1538 1870 ad-

332 1899 547 1958 ducere.
576 1898 651 1956 ita
686 1899 833 1954 enim
850 1911 907 1954 et
929 1915 1160 1975 aequum
1184 1893 1280 1970 est,
1307 1910 1363 1954 et
1385 1897 1538 1973 οὐρὴ

331 1985 548 2045 Tullia.
595 1984 805 2043 medius
836 1981 998 2042 fidius
1023 2003 1126 2040 nae
1151 1997 1210 2040 tu
1237 1978 1408 2039 emisti
1446 1981 1533 2040 lo·

331 2093 457 2132 cum
474 2070 834 2152 praeclarum.
875 2067 1203 2146 gladiatores
1220 2065 1386 2125 audio
1402 2086 1532 2145 pug-

331 2179 467 2220 nare
489 2155 737 2217 mirifice.
766 2153 804 2214 fi
826 2154 1009 2214 locare
1024 2150 1303 2226 voluiss'eS,
1319 2150 1528 2213 duobus

330 2249 417 2307 his
432 2244 747 2305 muneribus
768 2239 1038 2299 liberass'es
1049 2284 1062 2300 .
1106 2237 1197 2297 sed
1212 2241 1341 2296 haec
1354 2235 1528 2317 poste·

336 2333 472 2389 rius·
527 2343 585 2384 tu
612 2325 697 2384 fac
723 2327 944 2403 venias,
971 2341 1029 2384 et
1046 2324 1372 2400 delibrariis,
1393 2319 1528 2386 fime

332 2433 504 2489 amas,
520 2409 831 2488 diligenter.

1721 385 1723 456 i
