1734 3067
344 157 462 211 AD
489 154 915 211 ATTxcUM
942 150 1062 207 Lm.
1128 154 1207 207 v.
1269 168 1377 230 2„

182 256 391 315 virum
426 254 515 312 cui
542 274 631 313 me
646 252 713 313 ad
735 270 789 313 te
804 252 1056 336 scripfiffe
1087 248 1390 333 aliquid,in

184 338 437 401 sumone
458 336 720 419 fignifioes
738 342 923 402 velim.

432 531 499 573 cl
519 530 695 571 cano
726 532 990 575 Αττιοο
1025 534 1173 575 sn..

280 600 431 656 Ante
459 597 605 657 diem
639 613 703 655 vt
738 598 816 657 id.
842 602 995 669 Mai„
1015 620 1142 660 cum
1173 602 1270 657 has
1293 595 1394 656 da·

188 684 317 743 bam
333 682 517 742 literas
532 702 603 741 ex
634 688 976 763 Pompeiano
997 681 1396 765 proficiscebar,

187 783 338 828 uteo
365 767 455 827 die
482 788 757 827 manerem
794 773 857 830 in
881 770 1210 831 Trebulano
1249 764 1394 846 apud

190 854 477 916 Pontium.
538 852 739 913 deinde
766 859 1114 935 cogitabam,
1145 853 1256 915 fine
1285 852 1397 911 ulla

190 958 383 1013 mora,
408 938 551 1016 justa
572 942 771 999 itinera
804 942 1002 1003 faeere.
1053 946 1113 1001 in
1137 945 1398 998 Cumano

190 1046 321 1085 cum
336 1024 521 1098 effem,
549 1027 707 1084 venit
734 1028 925 1103 adme,
943 1028 1098 1107 quod
1115 1027 1249 1087 mihi
1273 1044 1396 1103 per·

192 1126 413 1187 gratum
439 1110 567 1185 fuit,
597 1110 781 1172 noster
804 1112 1155 1174 Hortenfiun
1191 1112 1280 1172 cui
1303 1108 1398 1168 de·

192 1194 449 1277 poscenti
470 1216 590 1257 mea
618 1199 880 1259 mandata
907 1216 1118 1259 caetera
1147 1192 1402 1257 unIverse

194 1280 482 1355 mandavi3
512 1282 647 1341 illud
682 1287 904 1366 proprie
923 1329 942 1361 ,
982 1304 1054 1345 ne
1091 1297 1400 1365 pateretur,

198 1384 469 1447 quantum
492 1366 619 1429 effet
658 1370 717 1428 in
742 1369 885 1451 ipso,
916 1371 1202 1452 prorogari
1235 1368 1402 1429 nobis

200 1455 545 1535 provincias.
578 1456 637 1515 in
663 1475 777 1535 quo
800 1479 924 1517 eum
946 1474 1002 1516 tu
1022 1456 1183 1531 uelim
1196 1452 1402 1515 confir·

201 1560 343 1615 mes,
384 1556 710 1621 gratumque
724 1546 857 1603 mihi
879 1542 1053 1603 feciss'e
1067 1542 1237 1614 dicas,
1255 1538 1408 1618 quod

202 1642 261 1686 et
276 1628 489 1687 venerit
514 1626 579 1685 ad
595 1649 703 1702 me,
718 1645 775 1687 et
790 1634 898 1689 hoc
915 1632 1070 1700 mihi,
1099 1643 1404 1707 praeterea-

204 1732 315 1790 que
338 1710 375 1771 fi
393 1713 525 1791 quid
552 1734 693 1792 opus
716 1714 865 1787 efflat,
888 1712 1220 1795 promiserit.
1265 1730 1408 1770 con·

202 1798 425 1858 firmavi
454 1796 523 1857 ad
546 1820 665 1858 eam
697 1798 912 1861 causam
945 1802 1110 1860 etiam
1141 1798 1406 1857 Furnium

204 1882 487 1955 nostrum3
530 1904 692 1961 quern
728 1885 795 1945 ad
834 1908 1044 1947 annum
1083 1886 1406 1944 Tribunum

206 1968 381 2047 plebis
398 1968 648 2030 videbam
665 1970 803 2031 fore.
828 1975 1114 2033 habuimus
1131 1972 1190 2029 in
1207 1976 1406 2028 Cuma-

208 2076 291 2115 no
306 2053 453 2133 quafi
476 2054 715 2134 pufillam
749 2064 1001 2118 Romam:
1033 2073 1186 2139 tauta
1206 2070 1324 2115 erat
1347 2054 1407 2113 in

208 2144 298 2202 his
320 2140 461 2201 locis
490 2136 817 2216 multitud63
844 2166 972 2203 eum
1000 2144 1220 2201 interim
1246 2140 1413 2199 Rufio

208 2225 417 2302 noster,
440 2228 592 2308 quod
616 2226 669 2287 se
691 2250 721 2287 a
744 2230 1000 2289 Vestorio
1022 2225 1294 2290 observari
1325 2229 1410 2284 vi·-

210 2314 400 2387 debat,
438 2313 811 2391 stratagemate
830 2318 1114 2375 hominem
1139 2312 1406 2393 percuffit=

212 2421 341 2462 nam
354 2398 421 2459 ad
442 2421 529 2458 me
545 2422 661 2459 non
678 2403 902 2462 acceffit.
925 2401 1097 2461 itane?
1117 2421 1242 2459 cum
1257 2406 1412 2459 Hor·

212 2486 415 2555 tenfius
438 2488 675 2565 veniret,
696 2504 751 2547 et
779 2488 1052 2564 infirmus,
1075 2503 1130 2545 et
1149 2502 1257 2547 tam
1281 2486 1410 2549 lon-
