1734 3067
351 184 466 249 304
623 158 1303 227 EPISTOLARUM'

351 261 436 325 sar
471 264 540 327 de
569 262 989 346 supplicatione,
1016 262 1321 344 triumphat
1348 256 1423 319 de
1444 256 1571 319 sen·

349 354 530 412 tentia
543 354 804 424 Catonisg
821 372 927 410 nec
940 347 1147 422 scribit,
1176 346 1313 425 quid
1326 345 1427 405 ille
1450 344 1575 405 sen-

350 440 560 497 tentiae
583 437 811 512 dixerit,
827 435 919 496 sed
936 450 1178 508 tantum,
1202 431 1573 513 supplicatio·

351 542 482 583 nem
499 544 624 583 eum
649 526 786 583 mihi
809 543 929 581 non
954 517 1265 580 decreviss‘ez
1296 520 1487 578 redeo·
1502 516 1575 579 ad

351 612 604 669 Hirrum.
625 628 888 689 coeperas
902 628 1027 667 eum
1040 608 1175 666 mihi
1190 604 1433 683 placaret
1450 624 1575 684 pcr-
1696 606 1724 629 ‘¹

247 706 256 715 ’
349 694 644 756 fice.habes
665 694 938 770 Scrofam,
952 693 1344 753 habes-Silium.
1382 693 1575 751 adeos

351 801 460 860 ego
475 784 642 842 etiam
657 798 820 842 antea
833 778 1037 863 scripsi,
1059 794 1119 839 et
1138 778 1207 837 ad
1230 775 1414 857 ipsum
1432 780 1576 837 Hir-

349 867 721 929 ruminemus
736 869 884 927 enim
896 882 1013 925 erat
1026 886 1151 924 cum
1161 866 1229 922 iis
1242 864 1576 941 commode,

351 952 650 1035 stpotuiffi:
682 953 972 1033 impedire,
992 951 1084 1012 sed
1106 948 1357 1009 noluiffez
1390 949 1573 1009 affim-

351 1038 470 1101 sum
491 1055 676 1099 tamen
689 1039 794 1101 ess‘e
817 1040 1029 1099 Catoni
1036 1036 1383 1112 ‚amiciffimo
1408 1056 1567 1109 meog

351 1146 477 1186 cum
494 1129 542 1185 is
565 1125 1154 1187 honorificentiffimam
1170 1125 1229 1181 in
1244 1142 1335 1181 me
1350 1121 1571 1181 senten·

351 1213 488 1273 tiam
517 1211 758 1285 dixisset3
789 1234 893 1273 nec
908 1230 997 1273 me
1026 1209 1163 1269 adse
1200 1208 1341 1267 ullas
1368 1209 1565 1268 literas

353 1296 565 1374 misisse,
580 1320 708 1360 cum
727 1299 798 1358 ad
829 1318 1025 1358 omnes
1038 1298 1335 1357 mitterem.
1361 1316 1562 1355 verum

351 1383 585 1445 dicebat.
611 1385 682 1443 ad
703 1406 826 1444 eum
847 1387 998 1445 enim
1018 1381 1218 1455 solum,
1240 1396 1295 1439 et
1310 1380 1381 1439 ad
1398 1380 1561 1441 Cras:-

351 1469 583 1550 fipedem
602 1492 720 1531 non
759 1470 1091 1552 scripseram.
1138 1485 1303 1546 atque
1332 1470 1470 1529 haec
1492 1466 1563 1527 de

354 1559 519 1617 rebus
542 1554 868 1617 forensibus:
896 1557 1179 1616 redeamus
1202 1555 1457 1615 domum.
1484 1555 1562 1613 di-

344 1643 582 1723 jungere
597 1664 685 1703 me
709 1646 780 1701 ab
804 1641 903 1703 illo
938 1644 1098 1702 vole.
1122 1642 1299 1700 mirus
1319 1638 1397 1699 est
1418 1651 1562 1716 pupei-

351 1744 447 1796 m,
477 1748 770 1808 germanus
795 1729 1103 1802 Lartidius,
1176 1758 1181 1765 ·

395 1826 550 1875 Α’λλαὲ
571 1827 636 1878 τοὶ
656 1824 743 1886 μὲν
765 1826 1088 1892 προτετύχθαι
1112 1820 1318 1883 finan,
1346 1822 1557 1889 ἀχνύμε-

435 1908 502 1961 νοί
519 1930 618 1978 περ.

347 1984 559 2067 reliqua
593 1983 975 2067 expediamus.
1022 1990 1130 2047 hoc
1152 1986 1415 2066 primum,
1441 2004 1561 2064 quo

345 2074 558 2134 acceffit
579 2094 710 2134 cura
729 2071 917 2133 dolori
942 2094 1091 2147 men,
1115 2071 1205 2132 sed
1220 2076 1327 2131 hoc
1343 2088 1555 2147 tamen,

345 2159 616 2244 quidquid
639 2158 734 2231 est,
770 2161 1125 2219 Praecianum
1148 2178 1273 2218 cum
1288 2159 1359 2215 iis
1384 2160 1556 2218 ratio·

345 2248 534 2320 nibus,
557 2266 695 2325 quas
725 2244 818 2303 ille
847 2266 997 2303 meas
1019 2249 1239 2315 tractat,
1268 2241 1561 2303 admisceri

343 2331 504 2389 nolo.
519 2329 698 2409 scripfi
721 2328 790 2386 ad
803 2333 1167 2402 Terentiam,
1186 2326 1367 2406 scripsi
1388 2331 1557 2390 etiam

341 2413 411 2472 ad
434 2413 632 2492 ipsum,
646 2432 754 2485 me,
771 2414 1040 2493 quidquid
1062 2411 1268 2494 poffem
1292 2432 1553 2474 nummo·

337 2514 488 2585 rum,
519 2498 588 2559 ad
609 2512 933 2580 apparatum
968 2498 1171 2583 sperati
1192 2498 1559 2582 triumphi-ae
