1734 3067
323 180 404 243 16
590 180 1251 241 EPISTOLARUM

543 381 806 423 ctcssno
842 382 1103 423 Λττιοο
1140 383 1290 423 SAL.

405 448 653 508 Nimium
669 469 796 508 raro
815 450 977 508 nobis
1002 453 1094 508 abs
1118 464 1174 507 te
1188 448 1377 508 literae
1392 448 1531 509 affe·
1552 464 1581 509 9

315 548 542 593 runtur:
569 554 696 593 cum
717 550 772 593 et
793 532 974 593 multo
1002 549 1064 593 tu
1081 534 1293 594 facilius
1317 537 1526 615 reperi-

315 622 502 699 as‚qui
517 624 748 679 Romam
763 618 1198 699 proficiscantur,
1216 641 1379 700 quam
1396 641 1531 698 ege,

317 707 420 783 qui
435 709 713 765 Athenas:
745 722 798 764 et
822 708 1025 765 certius
1048 708 1151 765 tibi
1188 706 1275 780 fit,
1306 726 1393 765 me
1422 706 1531 766 effe

318 792 554 867 Romae,
569 812 733 871 quam
753 793 913 865 mihi,
945 806 1000 849 te
1032 794 1289 851 Athenis.
1336 794 1531 871 itaque

311 884 545 957 ‘propter
567 880 710 937 hanc
731 877 1130 937 dubitationem
1148 898 1324 938 meam
1339 880 1532 938 brevn-

307 982 388 1047 ὀι·
401 966 534 1021 haec
550 960 662 1043 ipsa
677 960 901 1043 epistola
916 962 1009 1021 est.
1034 964 1187 1042 quod
1204 984 1330 1023 cum
1340 965 1531 1023 incer·-

317 1062 413 1109 tus
428 1046 586 1109 effem
603 1050 697 1107 ubi
725 1045 883 1123 effes,
926 1048 1184 1108 nolebam
1207 1049 1361 1108 illum
1392 1039 1542 1109 nos-

309 1146 468 1195 ‘trum
505 1133 824 1195 familiarem
869 1132 1174 1201 sermonem
1220 1136 1281 1193 in
1308 1134 1526 1195 alienas

317 1240 516 1280 manus
532 1220 810 1281 devenire.
841 1218 993 1297 figna
1008 1221 1363 1297 Megarica‚et
1374 1227 1529 1281 Her-

319 1324 462 1383 mas,
471 1304 540 1365 de
553 1310 750 1387 quibus
767 1307 834 1366 ad
847 1326 937 1365 me
952 1304 1524 1385 scripfisti,'vehemen-

315 1405 406 1450 ter
419 1396 686 1471 expedio.
731 1392 999 1471 quidquid
1032 1390 1269 1469 ejusdem
1299 1396 1525 1470 generis

317 1478 567 1553 habebis,
595 1477 824 1555 dignum
839 1478 1133 1537 Academia
1148 1479 1249 1538 tibi
1264 1477 1419 1557 quod
1435 1482 1527 1539 vi·

318 1560 561 1638 debitur,
599 1584 672 1622 ne
701 1564 971 1623 dubitaris
1000 1565 1241 1637 mittere,
1276 1578 1335 1622 et
1368 1579 1527 1625 arcae

317 1648 534 1709 nostrae
549 1648 836 1709 confidito.
861 1668 1037 1727 genus
1052 1652 1161 1709 hoc
1174 1648 1247 1707 est
1260 1650 1523 1729 volupta-

317 1736 392 1793 tis
413 1732 578 1811 [rneae
604 1754 746 1814 quae
774 1744 1069 1805 γυμνασιόδη
1093 1736 1332 1795 maxime
1374 1734 1528 1811 sunt,

317 1838 384 1877 ea
400 1840 625 1899 quaero.
675 1821 946 1880 Lentulus
964 1840 1134 1880 naves
1158 1819 1277 1879 suas
1294 1821 1527 1900 pollice-

317 1918 433 1965 tur.
479 1922 612 1985 peto
628 1907 723 1965 abs
751 1920 827 1980 te,
857 1922 921 1968 ut
946 1910 1077 1967 haec
1108 1926 1265 1965 cures
1296 1906 1527 1983 diligen-

317 2003 426 2051 ter.
473 1991 684 2051 Chilius
699 2007 756 2052 te
767 2008 951 2072 rogat,
966 1998 1023 2053 'et
1038 1996 1147 2071 ‘ego
1162 1994 1282 2071 ejus
1296 2007 1521 2071 rogatu,

317 2084 608 2148 εὔμολσιὸὅν
630 2087 834 2154 πάτρια.
892 2098 895 2103 “

543 2268 806 2311 cronno
843 2269 1107 2310 Αττῐοο
1146 2270 1295 2311 sn..

321 2340 326 2346 '
407 2336 548 2395 Cum
571 2334 730 2395 effem
769 2338 828 2394 in
863 2333 1207 2412 Tusculan0,
1237 2334 1374 2406 (erit
1402 2339 1511 2398 hoc
1542 2350 1595 2386 ¹0

281 2420 286 2426 '
307 2418 418 2478 «ibi
435 2441 544 2499 pro
558 2421 653 2480 ino
675 2437 798 2495 tuo,
819 2420 842 2455 ‘
853 2442 979 2482 cum
1000 2421 1160 2482 essim
1190 2424 1251 2481 in
1268 2426 1513 2482 Cerami-

313 2500 342 2586 f
363 2508 485 2583 co’)
507 2522 866 2570 veruntamen
884 2528 1009 2571 cum
1025 2509 1101 2569 ibi
1126 2505 1309 2588 effem,
1336 2516 1513 2571 Roma
