1734 3067
276 152 381 211 εει
533 152 1184 209 prsTOLARUM
1286 118 1291 125 ’

268 250 371 307 bus
386 250 589 309 erroris
602 246 795 323 nostri,
808 262 905 307 aut
915 250 1102 329 potius
1113 246 1320 308 furoris
1337 270 1486 329 par-

268 336 461 415 ticeps,
484 352 539 395 et
572 332 683 395 falfi
712 335 930 395 timoris
965 332 1143 394 socius
1165 334 1372 411 fuisses,
1404 358 1478 396 a-

270 422 561 481 cerbissime
575 419 857 495 discidium
883 419 1128 481 nostrum
1139 419 1478 501 tulisse,plu-

270 510 579 586 rituumque
592 527 813 587 operae,
836 505 1018 582 studii,
1041 506 1472 584 diligentiac,la-

270 596 423 653 boris
452 594 519 652 ad
566 592 975 655 conficiendum
1015 592 1251 653 reditum
1284 614 1472 655 meum

270 678 577 740 contulisse.
621 680 805 758 itaque
828 682 938 740 hoc
967 680 1066 739 tibi
1081 699 1210 740 vere
1231 678 1474 758 affirmo,

270 766 333 825 in
350 764 825 839 maximalaetitia,
840 780 898 824 et
919 766 1318 845 exoptatissima
1345 788 1475 845 gra-

272 852 541 911 tulatione
572 872 744 911 unum
768 850 837 911 ad
868 850 1258 911 cumulandum
1281 853 1478 930 gaudi·

274 958 367 997 um
384 937 753 1017 conspectum,
784 952 880 997 aut
910 939 1098 1018 potius
1123 938 1478 1017 complexum

274 1026 411 1085 mihi
438 1040 590 1084 tuum
614 1022 855 1095 defuiss'e3
905 1044 1070 1103 quern
1099 1022 1258 1084 semel
1284 1029 1484 1085 nac'tus

275 1132 561 1190 nunquam
598 1109 874 1171 dimisero:
915 1132 1004 1185 ac,
1017 1109 1118 1171 nifi
1133 1112 1300 1171 etiam
1324 1132 1482 1192 prac-

276 1195 547 1257 termiffos
588 1196 795 1257 fructus
842 1212 968 1255 tuae
1005 1195 1289 1257 suavitatis
1323 1218 1484 1277 prac-

278 1286 425 1345 teriti
449 1284 713 1363 temporis
730 1304 925 1343 omnes
958 1284 1486 1361 exegero,profe6to

278 1373 379 1429 hac
402 1368 739 1429 restitutione
762 1370 1020 1429 fortunae
1035 1390 1125 1429 me
1139 1368 1248 1449 ipse
1271 1390 1390 1429 non
1403 1369 1487 1430 sa-

279 1458 353 1515 tis
378 1456 607 1533 dignum
622 1456 908 1534 judicabo,
959 1477 1066 1515 nos
1087 1456 1262 1518 adhuc
1278 1457 1338 1515 in
1356 1454 1489 1517 nos-

280 1558 373 1602 tro
410 1540 546 1601 statu
565 1586 583 1616 ,
628 1542 781 1622 quod
824 1541 1143 1604 difficillime
1181 1544 1490 1623 recuperari

280 1628 433 1712 poss'e
463 1630 713 1691 arbitrati
734 1626 944 1705 sumus,
975 1626 1322 1711 splendorem
1350 1628 1485 1691 nos·

284 1734 429 1777 trum
446 1715 601 1777 illurn
615 1716 907 1791 forensem,
935 1732 990 1775 ct
1013 1719 1080 1775 in'
1091 1724 1294 1777 Senatu
1309 1722 1496 1777 aucto-

284 1806 585 1878 ritatem,et
598 1804 741 1883 apud
758 1806 912 1863 viros
927 1806 1114 1862 bonos
1130 1804 1360 1879 gratiam
1379 1824 1498 1862 ma·

288 1894 401 1969 gis,
424 1910 591 1967 quam
620 1902 964 1969 optaramus,
989 1888 1269 1948 consecuti
1282 1888 1491 1950 sumus.

289 1981 353 2039 in
376 1996 435 2037 rc
462 1992 645 2035 autem
664 1974 938 2049 familiari,
975 1994 1116 2053 quae
1145 1974 1502 2053 quemadmo-

292 2064 423 2125 dum
439 2062 629 2134 frasta,
664 2062 926 2141 diffipata,
968 2061 1180 2141 direpta
1203 2060 1264 2119 fit
1277 2082 1396 2120 non
1413 2064 1500 2138 ig—

293 2169 466 2210 noras
472 2148 657 2221 ,valde
672 2149 1010 2208 laboramus=
1031 2160 1362 2225 tuarumque
1377 2168 1499 2207 non

292 2250 407 2295 tam
416 2234 760 2307 facultatum,
774 2254 915 2312 quas
937 2254 1040 2311 ego
1057 2232 1269 2292 nostras
1292 2230 1502 2311 effeju-

294 2321 444 2392 dico,
470 2340 635 2397 quam
668 2319 1024 2379 confiliorum
1063 2319 1132 2379 ad
1158 2320 1500 2397 colligendas

293 2420 351 2461 et
372 2403 781 2463 constituendas
804 2406 1064 2483 reliquias
1089 2404 1330 2477 nostras,
1353 2404 1502 2465 indi-

296 2508 507 2563 gemus.
540 2509 717 2564 nunc,
730 2488 824 2549 etfi
846 2493 1036 2551 omnia
1065 2507 1160 2551 aut
1181 2488 1384 2573 scripta
1399 2490 1505 2553 else
