1734 3067
355 174 467 246 ηε
700 173 749 231 Β
772 170 1362 231 nst-mnarum

344 268 569 340 timore,
591 286 757 344 quam
782 264 958 327 sermo
987 268 1228 327 Livineii
1243 266 1448 329 fuerat.
1473 264 1560 327 sa-

348 373 420 413 ne
442 351 556 411 sum
578 354 639 413 in
662 374 787 412 meo
818 352 1044 413 infinito
1073 370 1328 411 moerore
1351 353 1556 414 sollici·

344 455 465 512 tus,
486 454 539 497 et
554 459 623 497 eo
634 439 986 517 magis‚quod
1012 441 1178 517 Appii
1193 438 1436 517 quaestio
1461 440 1555 500 est.

344 542 585 599 caetera,
608 546 750 603 quae
768 525 835 584 ad
852 546 938 583 me
951 523 1150 585 eisdem
1165 525 1340 583 literis
1365 525 1562 585 scribis

344 612 421 679 de
444 609 627 671 nostra
646 609 757 687 spe,
790 612 1044 689 intelligo
1065 609 1170 670 effe
1183 611 1560 688 languidiora,

350 714 515 776 quam
538 697 632 756 alii
647 696 962 758 ostendunt.
1007 718 1112 773 ego
1133 713 1338 771 autem,
1351 699 1560 779 quoni·

350 804 441 843 am
470 804 589 843 non
610 784 777 860 longe
802 786 872 843 ab
903 805 970 843 eo
995 799 1244 863 tempore
1277 784 1557 859 absnmm,

352 874 411 929 in
444 890 559 950 quo
580 890 666 929 res
688 870 1098 947 dijudicabitur,
1135 886 1232 928 aut
1253 870 1324 929 ad
1347 886 1403 929 te
1419 890 1560 929 con-

352 956 523 1019 feram
546 976 656 1031 me,
694 972 789 1015 aut
816 958 982 1015 etiam
1007 976 1160 1015 nunc
1195 958 1403 1015 circum
1427 960 1560 1015 haec

355 1043 480 1103 loca
494 1046 897 1102 commorabor.
948 1042 1131 1101 scribit
1160 1042 1227 1101 ad
1259 1062 1344 1102 me
1368 1042 1558 1117 frater,

351 1131 549 1189 omnia
572 1128 666 1187 sua
695 1150 792 1209 per
814 1144 869 1187 te
901 1150 1075 1187 unum
1106 1126 1374 1187 sustineri.
1423 1128 1563 1209 quid

358 1231 415 1273 te
436 1232 531 1277 aut
548 1216 765 1277 horter?
789 1215 944 1294 quod
971 1214 1128 1287 fae-‚155
1155 1230 1248 1275 aut
1263 1236 1422 1292 agam
1437 1234 1566 1293 gm-

359 1303 494 1361 tias?
522 1302 672 1380 quod
690 1322 808 1361 non
834 1302 1110 1380 expediat.
1135 1294 1354 1360 tentum
1370 1302 1566 1375 velim,

360 1386 589 1447 fortuna
604 1388 695 1448 det
708 1391 872 1447 nobis
895 1386 1239 1467 potestatem,
1259 1403 1324 1446 ut
1347 1388 1568 1449 incolu-

360 1494 479 1534 mes
498 1496 683 1534 amore
703 1474 890 1533 nostro
905 1473 1266 1553 perfruamur.
1290 1488 1415 1533 tuas
1445 1475 1568 1533 lite-

364 1580 456 1617 ras
494 1559 700 1640 semper
724 1562 959 1620 maxime
981 1564 1230 1639 expeeto:
1272 1562 1334 1617 in
1367 1560 1568 1639 quibus

362 1666 498 1705 cave
520 1650 719 1721 vereri,
753 1666 824 1706 ne
860 1662 956 1705 aut
991 1645 1277 1723 diligentia
1311 1660 1406 1705 tua
1436 1645 1572 1704 mihi

368 1731 611 1808 molesta,
641 1749 735 1793 aut
746 1736 948 1793 veritas
965 1734 1156 1792 acerba
1169 1731 1251 1791 fit.
1271 1729 1386 1791 dat.
1419 1731 1568 1813 prid.

370 1839 513 1879 non.
535 1827 688 1901 Sept.
1266 1815 1274 1825 ’

598 2012 857 2053 elcmto
883 2011 1054 2053 ATTI
1072 2010 1152 2051 co
1180 2009 1336 2051 SAL.

462 2084 917 2160 Expeetationem
939 2079 1102 2137 nobis
1115 2096 1236 2137 non
1251 2094 1478 2156 parvam
1495 2088 1576 2135 at·
1593 2080 1635 2123 ¹⁸

374 2166 581 2227 tuleras
594 2210 611 2239 ‚
646 2188 772 2227 cum
802 2162 1084 2243 scripseras
1121 2170 1440 2223 Varronem
1470 2162 1569 2220 tibi

378 2271 483 2333 pro
498 2255 735 2314 amicitia
748 2246 1326 2324 confirmaffe‚causam
1337 2244 1571 2305 nostram

381 2342 699 2415 Pompeium
726 2352 875 2397 certe
889 2333 1276 2413 sustepturumz
1323 2348 1400 2407 et,
1424 2330 1573 2390 fimul

376 2441 415 2495 q
428 2418 654 2481 Caesare
674 2422 883 2493 literae,
894 2440 1032 2498 quas
1047 2424 1377 2499 expee'taret‚
1394 2414 1571 2478 remis·

380 2504 469 2565 sae
488 2503 679 2582 ess'em,
706 2510 982 2565 auetorem
1007 2506 1172 2565 etiam
1185 2504 1464 2565 daturum.
1509 2521 1570 2561 u·
