<?xml version="1.0" encoding="UTF-8"?>
<!DOCTYPE html PUBLIC "-//W3C//DTD XHTML 1.0 Transitional//EN"
    "http://www.w3.org/TR/xhtml1/DTD/xhtml1-transitional.dtd">
<html xmlns="http://www.w3.org/1999/xhtml" xml:lang="en" lang="en">
 <head>
  <title>
</title>
<meta http-equiv="Content-Type" content="text/html;charset=utf-8" />
  <meta name='ocr-system' content='tesseract 3.04.00' />
  <meta name='ocr-capabilities' content='ocr_page ocr_carea ocr_par ocr_line ocrx_word'/>
</head>
<body>
  <div class='ocr_page' id='page_1' title='image "./mtulliiciceroni15unkngoog_0423.png"; bbox 0 0 1734 3067; ppageno 0'>
   <div class='ocr_carea' id='block_1_1' title="bbox 390 162 1431 238">
    <p class='ocr_par' dir='ltr' id='par_1_1' title="bbox 390 162 1431 238">
     <span class='ocr_line' id='line_1_1' title="bbox 390 162 1431 238; baseline 0.005 -21"><span class='ocrx_word' id='word_1_1' title='bbox 390 163 507 217; x_wconf 84' lang='lat' dir='ltr'><strong>AD</strong></span> <span class='ocrx_word' id='word_1_2' title='bbox 536 162 965 219; x_wconf 89' lang='lat' dir='ltr'>ATTICUM</span> <span class='ocrx_word' id='word_1_3' title='bbox 987 165 1103 217; x_wconf 77' lang='lat' dir='ltr'><strong>Lm.</strong></span> <span class='ocrx_word' id='word_1_4' title='bbox 1125 166 1284 221; x_wconf 85' lang='lat' dir='ltr'>VIII.</span> <span class='ocrx_word' id='word_1_5' title='bbox 1319 182 1431 238; x_wconf 86' lang='lat'><strong>409</strong></span> 
     </span>
    </p>
   </div>
   <div class='ocr_carea' id='block_1_2' title="bbox 232 254 1438 595">
    <p class='ocr_par' dir='ltr' id='par_1_2' title="bbox 232 254 1438 595">
     <span class='ocr_line' id='line_1_2' title="bbox 232 254 1434 335; baseline 0.011 -28"><span class='ocrx_word' id='word_1_6' title='bbox 232 254 367 323; x_wconf 73' lang='lat' dir='ltr'><strong>tuit,</strong></span> <span class='ocrx_word' id='word_1_7' title='bbox 386 274 549 331; x_wconf 81' lang='lat' dir='ltr'><strong>quam</strong></span> <span class='ocrx_word' id='word_1_8' title='bbox 568 272 628 315; x_wconf 89' lang='lat' dir='ltr'><strong>ut</strong></span> <span class='ocrx_word' id='word_1_9' title='bbox 646 279 730 315; x_wconf 86' lang='lat' dir='ltr'><strong>res</strong></span> <span class='ocrx_word' id='word_1_10' title='bbox 744 259 853 316; x_wconf 82' lang='lat' dir='ltr'><strong>fine</strong></span> <span class='ocrx_word' id='word_1_11' title='bbox 873 258 1133 335; x_wconf 84' lang='lat' dir='ltr'><strong>sanguine</strong></span> <span class='ocrx_word' id='word_1_12' title='bbox 1151 262 1434 321; x_wconf 84' lang='lat' dir='ltr'><strong>confieret.</strong></span> 
     </span>
     <span class='ocr_line' id='line_1_3' title="bbox 234 343 1438 421; baseline 0.005 -21"><span class='ocrx_word' id='word_1_13' title='bbox 234 343 391 401; x_wconf 84' lang='lat' dir='ltr'>Balbi</span> <span class='ocrx_word' id='word_1_14' title='bbox 428 345 529 398; x_wconf 86' lang='lat' dir='ltr'><strong>mei</strong></span> <span class='ocrx_word' id='word_1_15' title='bbox 558 346 749 421; x_wconf 87' lang='lat' dir='ltr'><strong>tuique</strong></span> <span class='ocrx_word' id='word_1_16' title='bbox 766 346 1004 404; x_wconf 85' lang='lat' dir='ltr'><strong>adventu</strong></span> <span class='ocrx_word' id='word_1_17' title='bbox 1026 346 1345 407; x_wconf 53' lang='lat' dir='ltr'><strong>delectatum</strong></span> <span class='ocrx_word' id='word_1_18' title='bbox 1383 364 1438 406; x_wconf 86' lang='lat' dir='ltr'><strong>te</strong></span> 
     </span>
     <span class='ocr_line' id='line_1_4' title="bbox 234 428 1438 509; baseline 0.002 -21"><span class='ocrx_word' id='word_1_19' title='bbox 234 430 396 488; x_wconf 84' lang='lat' dir='ltr'><strong>valde</strong></span> <span class='ocrx_word' id='word_1_20' title='bbox 412 428 695 502; x_wconf 84' lang='lat' dir='ltr'><strong>gaudeo.is</strong></span> <span class='ocrx_word' id='word_1_21' title='bbox 712 451 1074 509; x_wconf 82' lang='lat' dir='ltr'><strong>quaecunque</strong></span> <span class='ocrx_word' id='word_1_22' title='bbox 1097 434 1196 488; x_wconf 85' lang='lat' dir='ltr'><strong>tibi</strong></span> <span class='ocrx_word' id='word_1_23' title='bbox 1217 433 1282 491; x_wconf 88' lang='lat' dir='ltr'><strong>de</strong></span> <span class='ocrx_word' id='word_1_24' title='bbox 1299 440 1438 491; x_wconf 85' lang='lat' dir='ltr'><strong>Cac-</strong></span> 
     </span>
     <span class='ocr_line' id='line_1_5' title="bbox 234 512 1436 595; baseline 0.002 -22"><span class='ocrx_word' id='word_1_25' title='bbox 234 512 350 573; x_wconf 79' lang='lat' dir='ltr'>sare</span> <span class='ocrx_word' id='word_1_26' title='bbox 372 514 536 588; x_wconf 80' lang='lat' dir='ltr'>dixit,</span> <span class='ocrx_word' id='word_1_27' title='bbox 554 536 805 595; x_wconf 85' lang='lat' dir='ltr'>quaeque</span> <span class='ocrx_word' id='word_1_28' title='bbox 830 517 1026 575; x_wconf 82' lang='lat' dir='ltr'>Caesar</span> <span class='ocrx_word' id='word_1_29' title='bbox 1048 516 1274 595; x_wconf 78' lang='lat' dir='ltr'><strong>scripsit,</strong></span> <span class='ocrx_word' id='word_1_30' title='bbox 1304 519 1436 591; x_wconf 84' lang='lat' dir='ltr'><strong>scic,</strong></span> 
     </span>
    </p>
   </div>
   <div class='ocr_carea' id='block_1_3' title="bbox 232 604 1520 681">
    <p class='ocr_par' dir='ltr' id='par_1_3' title="bbox 232 604 1520 681">
     <span class='ocr_line' id='line_1_6' title="bbox 232 604 1520 681; baseline 0.006 -24"><span class='ocrx_word' id='word_1_31' title='bbox 232 621 295 658; x_wconf 74' lang='lat' dir='ltr'><strong>re</strong></span> <span class='ocrx_word' id='word_1_32' title='bbox 316 604 415 658; x_wconf 88' lang='lat' dir='ltr'><strong>tibi</strong></span> <span class='ocrx_word' id='word_1_33' title='bbox 442 604 717 679; x_wconf 75' lang='lat' dir='ltr'><strong>probabit,</strong></span> <span class='ocrx_word' id='word_1_34' title='bbox 736 624 1100 681; x_wconf 68' lang='lat' dir='ltr'><strong>quaecunqqe</strong></span> <span class='ocrx_word' id='word_1_35' title='bbox 1129 604 1354 664; x_wconf 86' lang='lat' dir='ltr'><strong>fortuna</strong></span> <span class='ocrx_word' id='word_1_36' title='bbox 1377 626 1436 663; x_wconf 87' lang='lat' dir='ltr'><strong>e·</strong></span> <span class='ocrx_word' id='word_1_37' title='bbox 1516 647 1520 657; x_wconf 85' lang='lat'><em>-</em></span> 
     </span>
    </p>
   </div>
   <div class='ocr_carea' id='block_1_4' title="bbox 228 688 1125 769">
    <p class='ocr_par' dir='ltr' id='par_1_4' title="bbox 228 688 1125 769">
     <span class='ocr_line' id='line_1_7' title="bbox 228 688 1125 769; baseline 0.002 -24"><span class='ocrx_word' id='word_1_38' title='bbox 228 689 324 767; x_wconf 84' lang='lat' dir='ltr'><strong>jus</strong></span> <span class='ocrx_word' id='word_1_39' title='bbox 354 688 539 763; x_wconf 83' lang='lat' dir='ltr'><strong>fuerit,</strong></span> <span class='ocrx_word' id='word_1_40' title='bbox 564 690 824 747; x_wconf 82' lang='lat' dir='ltr'><strong>veriffime</strong></span> <span class='ocrx_word' id='word_1_41' title='bbox 852 688 1125 769; x_wconf 72' lang='lat' dir='ltr'><strong>scripsisse.</strong></span> 
     </span>
    </p>
   </div>
   <div class='ocr_carea' id='block_1_5' title="bbox 155 878 1438 2644">
    <p class='ocr_par' dir='ltr' id='par_1_5' title="bbox 480 878 1206 923">
     <span class='ocr_line' id='line_1_8' title="bbox 480 878 1206 923; baseline 0.008 -6"><span class='ocrx_word' id='word_1_42' title='bbox 480 878 735 919; x_wconf 67' lang='lat' dir='ltr'><strong>exemto</strong></span> <span class='ocrx_word' id='word_1_43' title='bbox 772 882 1030 921; x_wconf 72' lang='lat' dir='ltr'>ATTICO</span> <span class='ocrx_word' id='word_1_44' title='bbox 1061 878 1206 923; x_wconf 71' lang='lat' dir='ltr'>SAL.</span> 
     </span>
    </p>

    <p class='ocr_par' dir='ltr' id='par_1_6' title="bbox 155 944 1438 2581">
     <span class='ocr_line' id='line_1_9' title="bbox 155 944 1438 1028; baseline 0.003 -25"><span class='ocrx_word' id='word_1_45' title='bbox 155 944 237 987; x_wconf 81' lang='lat'><strong>¹⁶·</strong></span> <span class='ocrx_word' id='word_1_46' title='bbox 324 950 526 1005; x_wconf 85' lang='lat' dir='ltr'><strong>Omnia</strong></span> <span class='ocrx_word' id='word_1_47' title='bbox 542 950 675 1005; x_wconf 85' lang='lat' dir='ltr'><strong>mihi</strong></span> <span class='ocrx_word' id='word_1_48' title='bbox 693 947 910 1027; x_wconf 87' lang='lat' dir='ltr'><strong>provisa</strong></span> <span class='ocrx_word' id='word_1_49' title='bbox 928 947 1074 1023; x_wconf 86' lang='lat' dir='ltr'><strong>sunt,</strong></span> <span class='ocrx_word' id='word_1_50' title='bbox 1109 964 1322 1028; x_wconf 82' lang='lat' dir='ltr'><strong>praeter</strong></span> <span class='ocrx_word' id='word_1_51' title='bbox 1344 969 1438 1008; x_wconf 85' lang='lat' dir='ltr'><strong>oc·</strong></span> 
     </span>
     <span class='ocr_line' id='line_1_10' title="bbox 230 1034 1433 1113; baseline 0.002 -21"><span class='ocrx_word' id='word_1_52' title='bbox 230 1034 463 1107; x_wconf 84' lang='lat' dir='ltr'><strong>cultum,</strong></span> <span class='ocrx_word' id='word_1_53' title='bbox 488 1050 543 1091; x_wconf 89' lang='lat' dir='ltr'><strong>et</strong></span> <span class='ocrx_word' id='word_1_54' title='bbox 560 1049 737 1091; x_wconf 89' lang='lat' dir='ltr'><strong>tutum</strong></span> <span class='ocrx_word' id='word_1_55' title='bbox 764 1036 867 1091; x_wconf 77' lang='lat' dir='ltr'><strong>iter</strong></span> <span class='ocrx_word' id='word_1_56' title='bbox 889 1035 954 1091; x_wconf 82' lang='lat' dir='ltr'><strong>ad</strong></span> <span class='ocrx_word' id='word_1_57' title='bbox 987 1056 1134 1093; x_wconf 84' lang='lat' dir='ltr'>mare</span> <span class='ocrx_word' id='word_1_58' title='bbox 1163 1034 1433 1113; x_wconf 82' lang='lat' dir='ltr'><strong>superum.</strong></span> 
     </span>
     <span class='ocr_line' id='line_1_11' title="bbox 228 1120 1434 1200; baseline 0 -22"><span class='ocrx_word' id='word_1_59' title='bbox 228 1123 342 1178; x_wconf 87' lang='lat' dir='ltr'><strong>hoc</strong></span> <span class='ocrx_word' id='word_1_60' title='bbox 378 1122 524 1178; x_wconf 87' lang='lat' dir='ltr'><strong>enim</strong></span> <span class='ocrx_word' id='word_1_61' title='bbox 557 1122 692 1179; x_wconf 86' lang='lat' dir='ltr'><strong>mari</strong></span> <span class='ocrx_word' id='word_1_62' title='bbox 732 1124 813 1177; x_wconf 89' lang='lat' dir='ltr'><strong>uti</strong></span> <span class='ocrx_word' id='word_1_63' title='bbox 857 1142 975 1178; x_wconf 85' lang='lat' dir='ltr'><strong>non</strong></span> <span class='ocrx_word' id='word_1_64' title='bbox 1017 1120 1294 1200; x_wconf 74' lang='lat' dir='ltr'><strong>poss&#39;umus</strong></span> <span class='ocrx_word' id='word_1_65' title='bbox 1325 1124 1434 1178; x_wconf 89' lang='lat' dir='ltr'><strong>hoc</strong></span> 
     </span>
     <span class='ocr_line' id='line_1_12' title="bbox 228 1205 1434 1286; baseline 0.002 -23"><span class='ocrx_word' id='word_1_66' title='bbox 228 1220 481 1285; x_wconf 81' lang='lat' dir='ltr'><strong>tempore</strong></span> <span class='ocrx_word' id='word_1_67' title='bbox 497 1208 650 1263; x_wconf 87' lang='lat' dir='ltr'><strong>anni.</strong></span> <span class='ocrx_word' id='word_1_68' title='bbox 689 1206 828 1265; x_wconf 76' lang='lat' dir='ltr'><strong>&#39;illuc</strong></span> <span class='ocrx_word' id='word_1_69' title='bbox 850 1223 1052 1280; x_wconf 85' lang='lat' dir='ltr'><strong>autem,</strong></span> <span class='ocrx_word' id='word_1_70' title='bbox 1083 1210 1196 1286; x_wconf 75' lang='lat' dir='ltr'><strong>quo</strong></span> <span class='ocrx_word' id='word_1_71' title='bbox 1232 1205 1434 1284; x_wconf 64' lang='lat' dir='ltr'><strong>spectat</strong></span> 
     </span>
     <span class='ocr_line' id='line_1_13' title="bbox 228 1294 1430 1371; baseline 0.002 -22"><span class='ocrx_word' id='word_1_72' title='bbox 228 1295 471 1366; x_wconf 66' lang='lat' dir='ltr'><strong>animm,</strong></span> <span class='ocrx_word' id='word_1_73' title='bbox 502 1309 555 1351; x_wconf 83' lang='lat' dir='ltr'><strong>et</strong></span> <span class='ocrx_word' id='word_1_74' title='bbox 580 1294 695 1371; x_wconf 72' lang='lat' dir='ltr'><strong>quo</strong></span> <span class='ocrx_word' id='word_1_75' title='bbox 724 1314 806 1350; x_wconf 88' lang='lat' dir='ltr'><strong>res</strong></span> <span class='ocrx_word' id='word_1_76' title='bbox 838 1310 1023 1367; x_wconf 82' lang='lat' dir='ltr'><strong>vocat,</strong></span> <span class='ocrx_word' id='word_1_77' title='bbox 1048 1314 1157 1371; x_wconf 81' lang='lat' dir='ltr'><strong>qua</strong></span> <span class='ocrx_word' id='word_1_78' title='bbox 1181 1294 1430 1351; x_wconf 79' lang='lat' dir='ltr'><strong>veniam?</strong></span> 
     </span>
     <span class='ocr_line' id='line_1_14' title="bbox 228 1378 1434 1457; baseline 0 -19"><span class='ocrx_word' id='word_1_79' title='bbox 228 1378 533 1438; x_wconf 88' lang='lat' dir='ltr'><strong>cedendum</strong></span> <span class='ocrx_word' id='word_1_80' title='bbox 550 1382 696 1437; x_wconf 85' lang='lat' dir='ltr'><strong>enim</strong></span> <span class='ocrx_word' id='word_1_81' title='bbox 714 1378 787 1451; x_wconf 78' lang='lat' dir='ltr'><strong>est</strong></span> <span class='ocrx_word' id='word_1_82' title='bbox 802 1380 1066 1451; x_wconf 82' lang='lat' dir='ltr'><strong>celeriter3</strong></span> <span class='ocrx_word' id='word_1_83' title='bbox 1089 1400 1156 1437; x_wconf 88' lang='lat' dir='ltr'><strong>ne</strong></span> <span class='ocrx_word' id='word_1_84' title='bbox 1167 1378 1308 1437; x_wconf 83' lang='lat' dir='ltr'><strong>forte</strong></span> <span class='ocrx_word' id='word_1_85' title='bbox 1323 1400 1434 1457; x_wconf 84' lang='lat' dir='ltr'><strong>qua</strong></span> 
     </span>
     <span class='ocr_line' id='line_1_15' title="bbox 226 1465 1433 1543; baseline 0 -19"><span class='ocrx_word' id='word_1_86' title='bbox 226 1485 291 1524; x_wconf 81' lang='lat' dir='ltr'><strong>re</strong></span> <span class='ocrx_word' id='word_1_87' title='bbox 310 1465 592 1543; x_wconf 84' lang='lat' dir='ltr'><strong>impediar,</strong></span> <span class='ocrx_word' id='word_1_88' title='bbox 611 1480 776 1541; x_wconf 86' lang='lat' dir='ltr'><strong>atque</strong></span> <span class='ocrx_word' id='word_1_89' title='bbox 800 1465 1008 1541; x_wconf 73' lang='lat' dir='ltr'><strong>alligor.</strong></span> <span class='ocrx_word' id='word_1_90' title='bbox 1057 1484 1160 1524; x_wconf 88' lang='lat' dir='ltr'><strong>nec</strong></span> <span class='ocrx_word' id='word_1_91' title='bbox 1185 1486 1318 1523; x_wconf 85' lang='lat' dir='ltr'><strong>vero</strong></span> <span class='ocrx_word' id='word_1_92' title='bbox 1345 1466 1433 1524; x_wconf 81' lang='lat' dir='ltr'><strong>ille</strong></span> 
     </span>
     <span class='ocr_line' id='line_1_16' title="bbox 228 1550 1431 1629; baseline -0.001 -19"><span class='ocrx_word' id='word_1_93' title='bbox 228 1570 317 1610; x_wconf 87' lang='lat' dir='ltr'><strong>me</strong></span> <span class='ocrx_word' id='word_1_94' title='bbox 336 1550 505 1625; x_wconf 82' lang='lat' dir='ltr'><strong>ducit,</strong></span> <span class='ocrx_word' id='word_1_95' title='bbox 531 1555 625 1629; x_wconf 88' lang='lat' dir='ltr'><strong>qui</strong></span> <span class='ocrx_word' id='word_1_96' title='bbox 668 1552 908 1609; x_wconf 78' lang='lat' dir='ltr'><strong>videtur:</strong></span> <span class='ocrx_word' id='word_1_97' title='bbox 941 1572 1100 1629; x_wconf 82' lang='lat' dir='ltr'>quem</span> <span class='ocrx_word' id='word_1_98' title='bbox 1123 1572 1222 1627; x_wconf 84' lang='lat' dir='ltr'><strong>ego</strong></span> <span class='ocrx_word' id='word_1_99' title='bbox 1251 1553 1431 1610; x_wconf 86' lang='lat' dir='ltr'><strong>homi·</strong></span> 
     </span>
     <span class='ocr_line' id='line_1_17' title="bbox 225 1628 1432 1714; baseline -0.001 -19"><span class='ocrx_word' id='word_1_100' title='bbox 225 1658 357 1695; x_wconf 73' lang='lat' dir='ltr'><strong>nem</strong></span> <span class='ocrx_word' id='word_1_101' title='bbox 372 1628 745 1697; x_wconf 39' lang='grc' dir='ltr'><strong><em>σῖτολιτιιιῶτκΊον</em></strong></span> <span class='ocrx_word' id='word_1_102' title='bbox 764 1640 1010 1695; x_wconf 68' lang='lat' dir='ltr'><strong>omnium</strong></span> <span class='ocrx_word' id='word_1_103' title='bbox 1025 1638 1140 1713; x_wconf 75' lang='lat' dir='ltr'><strong>jam</strong></span> <span class='ocrx_word' id='word_1_104' title='bbox 1165 1653 1290 1695; x_wconf 74' lang='lat' dir='ltr'>ante</span> <span class='ocrx_word' id='word_1_105' title='bbox 1304 1659 1432 1714; x_wconf 82' lang='lat' dir='ltr'><strong>cog-</strong></span> 
     </span>
     <span class='ocr_line' id='line_1_18' title="bbox 228 1726 1426 1797; baseline 0.001 -16"><span class='ocrx_word' id='word_1_106' title='bbox 228 1744 606 1794; x_wconf 72' lang='lat' dir='ltr'><strong>noram3nunc</strong></span> <span class='ocrx_word' id='word_1_107' title='bbox 631 1744 763 1781; x_wconf 74' lang='lat' dir='ltr'><strong>Vero</strong></span> <span class='ocrx_word' id='word_1_108' title='bbox 788 1726 950 1782; x_wconf 58' lang='lat' dir='ltr'><strong>etiam</strong></span> <span class='ocrx_word' id='word_1_109' title='bbox 969 1734 1426 1797; x_wconf 60' lang='lat' dir='ltr'><strong>dfpoerryana&#39;sroerov.</strong></span> 
     </span>
     <span class='ocr_line' id='line_1_19' title="bbox 227 1809 1426 1884; baseline -0.002 -16"><span class='ocrx_word' id='word_1_110' title='bbox 227 1829 349 1868; x_wconf 88' lang='lat' dir='ltr'><strong>non</strong></span> <span class='ocrx_word' id='word_1_111' title='bbox 366 1828 452 1866; x_wconf 90' lang='lat' dir='ltr'><strong>me</strong></span> <span class='ocrx_word' id='word_1_112' title='bbox 470 1812 635 1884; x_wconf 85' lang='lat' dir='ltr'><strong>igitur</strong></span> <span class='ocrx_word' id='word_1_113' title='bbox 658 1812 707 1867; x_wconf 88' lang='lat' dir='ltr'><strong>is</strong></span> <span class='ocrx_word' id='word_1_114' title='bbox 724 1811 895 1881; x_wconf 90' lang='lat' dir='ltr'><strong>ducit,</strong></span> <span class='ocrx_word' id='word_1_115' title='bbox 937 1810 1023 1868; x_wconf 87' lang='lat' dir='ltr'><strong>sed</strong></span> <span class='ocrx_word' id='word_1_116' title='bbox 1047 1809 1222 1868; x_wconf 87' lang='lat' dir='ltr'><strong>sermo</strong></span> <span class='ocrx_word' id='word_1_117' title='bbox 1247 1812 1426 1867; x_wconf 87' lang='lat' dir='ltr'><strong>horni-</strong></span> 
     </span>
     <span class='ocr_line' id='line_1_20' title="bbox 226 1895 1426 1972; baseline 0.002 -19"><span class='ocrx_word' id='word_1_118' title='bbox 226 1914 384 1968; x_wconf 83' lang='lat' dir='ltr'>num,</span> <span class='ocrx_word' id='word_1_119' title='bbox 403 1897 497 1972; x_wconf 87' lang='lat' dir='ltr'><strong>qui</strong></span> <span class='ocrx_word' id='word_1_120' title='bbox 515 1895 581 1953; x_wconf 90' lang='lat' dir='ltr'><strong>ad</strong></span> <span class='ocrx_word' id='word_1_121' title='bbox 600 1917 687 1953; x_wconf 89' lang='lat' dir='ltr'><strong>me</strong></span> <span class='ocrx_word' id='word_1_122' title='bbox 704 1918 734 1953; x_wconf 89' lang='lat' dir='ltr'>a</span> <span class='ocrx_word' id='word_1_123' title='bbox 752 1898 1047 1955; x_wconf 80' lang='lat' dir='ltr'><strong>Philotimo</strong></span> <span class='ocrx_word' id='word_1_124' title='bbox 1081 1896 1348 1955; x_wconf 85' lang='lat' dir='ltr'><strong>scribitur.</strong></span> <span class='ocrx_word' id='word_1_125' title='bbox 1377 1900 1426 1955; x_wconf 79' lang='lat' dir='ltr'><strong>is</strong></span> 
     </span>
     <span class='ocr_line' id='line_1_21' title="bbox 224 1976 1422 2059; baseline 0.002 -20"><span class='ocrx_word' id='word_1_126' title='bbox 224 1983 377 2039; x_wconf 85' lang='lat' dir='ltr'><strong>enim</strong></span> <span class='ocrx_word' id='word_1_127' title='bbox 400 2002 489 2037; x_wconf 89' lang='lat' dir='ltr'><strong>me</strong></span> <span class='ocrx_word' id='word_1_128' title='bbox 525 1976 591 2038; x_wconf 89' lang='lat' dir='ltr'><strong>ab</strong></span> <span class='ocrx_word' id='word_1_129' title='bbox 625 1984 1074 2059; x_wconf 85' lang='lat' dir='ltr'><strong>optimatibusait</strong></span> <span class='ocrx_word' id='word_1_130' title='bbox 1113 1982 1422 2043; x_wconf 88' lang='lat' dir='ltr'><strong>conscindi.</strong></span> 
     </span>
     <span class='ocr_line' id='line_1_22' title="bbox 226 2069 1424 2147; baseline 0.003 -24"><span class='ocrx_word' id='word_1_131' title='bbox 226 2069 426 2145; x_wconf 88' lang='lat' dir='ltr'><strong>quibus</strong></span> <span class='ocrx_word' id='word_1_132' title='bbox 452 2069 829 2144; x_wconf 75' lang='lat' dir='ltr'><strong>optimatibu3‚</strong></span> <span class='ocrx_word' id='word_1_133' title='bbox 855 2070 930 2125; x_wconf 82' lang='lat' dir='ltr'><strong>dn</strong></span> <span class='ocrx_word' id='word_1_134' title='bbox 949 2072 1109 2127; x_wconf 85' lang='lat' dir='ltr'><strong>bom</strong></span> <span class='ocrx_word' id='word_1_135' title='bbox 1138 2072 1236 2147; x_wconf 89' lang='lat' dir='ltr'><strong>qui</strong></span> <span class='ocrx_word' id='word_1_136' title='bbox 1275 2092 1424 2127; x_wconf 85' lang='lat' dir='ltr'><strong>nunc</strong></span> 
     </span>
     <span class='ocr_line' id='line_1_23' title="bbox 226 2154 1422 2231; baseline 0.003 -21"><span class='ocrx_word' id='word_1_137' title='bbox 226 2173 343 2229; x_wconf 85' lang='lat' dir='ltr'><strong>quo</strong></span> <span class='ocrx_word' id='word_1_138' title='bbox 360 2154 528 2210; x_wconf 90' lang='lat' dir='ltr'><strong>modo</strong></span> <span class='ocrx_word' id='word_1_139' title='bbox 558 2170 876 2225; x_wconf 84' lang='lat' dir='ltr'><strong>occurrunt,</strong></span> <span class='ocrx_word' id='word_1_140' title='bbox 911 2176 1024 2231; x_wconf 91' lang='lat' dir='ltr'><strong>quo</strong></span> <span class='ocrx_word' id='word_1_141' title='bbox 1047 2157 1216 2213; x_wconf 88' lang='lat' dir='ltr'><strong>modo</strong></span> <span class='ocrx_word' id='word_1_142' title='bbox 1241 2172 1422 2215; x_wconf 77' lang='lat' dir='ltr'><strong>autem</strong></span> 
     </span>
     <span class='ocr_line' id='line_1_24' title="bbox 225 2238 1420 2320; baseline 0.004 -24"><span class='ocrx_word' id='word_1_143' title='bbox 225 2238 279 2297; x_wconf 87' lang='lat' dir='ltr'><strong>se</strong></span> <span class='ocrx_word' id='word_1_144' title='bbox 296 2240 583 2296; x_wconf 84' lang='lat' dir='ltr'><strong>venditant</strong></span> <span class='ocrx_word' id='word_1_145' title='bbox 598 2238 834 2297; x_wconf 85' lang='lat' dir='ltr'><strong>Caesari?</strong></span> <span class='ocrx_word' id='word_1_146' title='bbox 854 2244 1151 2320; x_wconf 82' lang='lat' dir='ltr'><strong>municipia</strong></span> <span class='ocrx_word' id='word_1_147' title='bbox 1169 2264 1301 2300; x_wconf 81' lang='lat' dir='ltr'><strong>vero</strong></span> <span class='ocrx_word' id='word_1_148' title='bbox 1325 2245 1420 2301; x_wconf 89' lang='lat' dir='ltr'><strong>de-</strong></span> 
     </span>
     <span class='ocr_line' id='line_1_25' title="bbox 222 2323 1420 2405; baseline 0.004 -23"><span class='ocrx_word' id='word_1_149' title='bbox 222 2346 341 2382; x_wconf 88' lang='lat' dir='ltr'><strong>um:</strong></span> <span class='ocrx_word' id='word_1_150' title='bbox 362 2347 463 2383; x_wconf 88' lang='lat' dir='ltr'><strong>nec</strong></span> <span class='ocrx_word' id='word_1_151' title='bbox 480 2323 752 2395; x_wconf 67' lang='lat' dir='ltr'><strong>simulant,</strong></span> <span class='ocrx_word' id='word_1_152' title='bbox 778 2342 836 2383; x_wconf 86' lang='lat' dir='ltr'><strong>ut</strong></span> <span class='ocrx_word' id='word_1_153' title='bbox 852 2348 975 2385; x_wconf 86' lang='lat' dir='ltr'><strong>cum</strong></span> <span class='ocrx_word' id='word_1_154' title='bbox 993 2330 1060 2386; x_wconf 87' lang='lat' dir='ltr'><strong>de</strong></span> <span class='ocrx_word' id='word_1_155' title='bbox 1081 2330 1174 2386; x_wconf 79' lang='lat' dir='ltr'><strong>illo</strong></span> <span class='ocrx_word' id='word_1_156' title='bbox 1193 2346 1420 2405; x_wconf 83' lang='lat' dir='ltr'><strong>aegroto</strong></span> 
     </span>
     <span class='ocr_line' id='line_1_26' title="bbox 222 2410 1420 2494; baseline 0.004 -25"><span class='ocrx_word' id='word_1_157' title='bbox 222 2428 357 2469; x_wconf 86' lang='lat' dir='ltr'><strong>vota</strong></span> <span class='ocrx_word' id='word_1_158' title='bbox 373 2410 666 2470; x_wconf 83' lang='lat' dir='ltr'><strong>faciebant:</strong></span> <span class='ocrx_word' id='word_1_159' title='bbox 696 2410 779 2469; x_wconf 81' lang='lat' dir='ltr'><strong>sed</strong></span> <span class='ocrx_word' id='word_1_160' title='bbox 796 2412 980 2491; x_wconf 79' lang='lat' dir='ltr'><strong>plane,</strong></span> <span class='ocrx_word' id='word_1_161' title='bbox 1006 2417 1271 2494; x_wconf 86' lang='lat' dir='ltr'><strong>quidquid</strong></span> <span class='ocrx_word' id='word_1_162' title='bbox 1293 2417 1420 2474; x_wconf 85' lang='lat' dir='ltr'><strong>mali</strong></span> 
     </span>
     <span class='ocr_line' id='line_1_27' title="bbox 219 2496 1419 2581; baseline 0.007 -27"><span class='ocrx_word' id='word_1_163' title='bbox 219 2498 309 2579; x_wconf 81' lang='lat' dir='ltr'><strong>hic</strong></span> <span class='ocrx_word' id='word_1_164' title='bbox 340 2496 633 2557; x_wconf 74' lang='lat' dir='ltr'><strong>Pisistratus</strong></span> <span class='ocrx_word' id='word_1_165' title='bbox 665 2519 783 2557; x_wconf 88' lang='lat' dir='ltr'><strong>non</strong></span> <span class='ocrx_word' id='word_1_166' title='bbox 822 2499 1034 2578; x_wconf 79' lang='lat' dir='ltr'><strong>fecerit,</strong></span> <span class='ocrx_word' id='word_1_167' title='bbox 1068 2518 1178 2561; x_wconf 82' lang='lat' dir='ltr'><strong>tam</strong></span> <span class='ocrx_word' id='word_1_168' title='bbox 1200 2521 1419 2581; x_wconf 79' lang='lat' dir='ltr'><strong>gratum</strong></span> 
     </span>
    </p>

    <p class='ocr_par' dir='ltr' id='par_1_7' title="bbox 877 2593 911 2644">
     <span class='ocr_line' id='line_1_28' title="bbox 877 2593 911 2644; baseline 0 0"><span class='ocrx_word' id='word_1_169' title='bbox 877 2593 911 2644; x_wconf 92' lang='lat' dir='ltr'>S</span> 
     </span>
    </p>
   </div>
  </div>
 </body>
</html>
