1734 3067
355 164 474 225 344
633 144 1289 208 EmsroLARuM

357 266 414 309 te
431 266 492 309 ut
507 247 792 311 referrent:
809 247 848 307 fi
863 246 1115 307 nondum
1125 243 1400 325 profectae
1416 243 1569 322 sunt,

357 338 498 395 nihil
521 335 592 395 est
613 358 728 417 quo
745 336 798 395 sc
823 350 1111 408 moveant3
1140 332 1335 413 quoad
1352 331 1563 414 perspi-

355 425 590 499 ciamus,
611 444 727 503 quo
754 423 866 483 loci
886 421 955 482 fit
976 442 1087 483 res.

581 614 848 657 ctcssno
878 614 1139 656 arrico
1176 615 1331 657 sn..

445 688 610 743 Tuae
639 684 828 743 literae
865 682 999 741 mihi
1026 696 1231 759 gratae,
1251 678 1562 759 jucundae·
1584 675 1632 724 ¹⁷

355 788 465 849 que
493 769 648 830 sunt.
687 769 1033 850 depuerisin
1066 770 1355 829 Graeciam
1380 764 1563 828 trans-

355 856 646 937 portandis
679 872 797 915 tum
827 856 1165 932 cogitabam,
1184 875 1311 914 cum
1335 854 1473 933 fuga
1494 872 1565 913 ex

356 942 514 1001 Italia
544 944 734 1022 quaeri
757 940 1065 1001 videbatur.
1112 960 1223 999 nos
1254 943 1408 1001 enim
1430 938 1565 1001 His-

354 1030 578 1109 paniam
600 1044 930 1109 peteremust
960 1026 1069 1085 illis
1088 1028 1195 1086 hoc
1210 1044 1387 1105 aeque
1405 1047 1561 1086 com·

355 1114 582 1173 modum
595 1136 716 1175 non
737 1129 875 1173 erat.
922 1128 981 1173 tu
1004 1110 1117 1191 ipse
1128 1133 1254 1172 cum
1268 1120 1439 1172 Sexto
1454 1114 1559 1171 eti-

353 1222 442 1259 am
471 1220 624 1262 nunc
659 1202 796 1261 mihi
815 1198 1022 1259 videris
1056 1204 1267 1257 Romae
1290 1202 1434 1257 κᾶε
1456 1194 1561 1257 effe

353 1284 540 1365 poss'ez
579 1288 786 1345 etenim
815 1286 1043 1344 minime
1086 1286 1249 1345 amici
1289 1286 1559 1363 Pompeio

352 1370 542 1431 nostro
573 1371 674 1431 effe
687 1372 920 1431 debetis:
947 1389 1115 1429 nemo
1136 1371 1287 1429 enim
1310 1390 1559 1449 unquam

351 1473 572 1519 tantum
603 1457 672 1517 de
701 1459 929 1517 urbanis
968 1454 1241 1535 praesidiis
1287 1454 1549 1517 detraxit.

351 1542 576 1605 videsne
591 1564 680 1603 me
701 1546 866 1602 etiam
890 1543 1103 1621 jocari?
1124 1539 1257 1601 scire
1266 1540 1387 1619 jam
1413 1558 1467 1601 te
1489 1563 1555 1603 o·-

353 1646 563 1712 portct,
579 1637 650 1693 L.
670 1628 864 1690 Caesar
878 1648 1020 1707 quae
1032 1625 1291 1707 responsa
1305 1628 1507 1687 referat
1520 1648 1555 1689 a

352 1720 645 1797 Pompei0,
677 1736 814 1797 quas
851 1716 925 1774 ab
952 1713 1144 1775 eodem
1176 1712 1249 1775 ad
1272 1714 1553 1775 Caesarem

351 1803 490 1863 ferat
511 1803 722 1863 literas.
768 1801 1000 1882 scriptae
1028 1802 1179 1861 enim
1202 1814 1261 1859 et
1288 1800 1449 1859 datae
1472 1802 1551 1861 ita

347 1889 498 1965 sunt,
533 1903 595 1947 ut
625 1901 1071 1969 proponerentur
1096 1888 1157 1946 in
1190 1886 1415 1966 publico
1436 1909 1455 1946 ε
1489 1888 1549 1947 in

344 1994 464 2056 quo
479 1973 720 2037 accusavi
731 1994 946 2035 mecum
958 1970 1069 2053 ipse
1085 1972 1551 2051 Pompeium,qui,

341 2082 472 2123 cum
493 2060 726 2143 scriptor
747 2060 1058 2120 luculentus
1077 2057 1227 2132 efflet,
1241 2073 1424 2117 tantas
1440 2080 1549 2135 res,

341 2166 512 2229 atque
527 2168 642 2223 eas,
673 2149 889 2227 quaein
913 2146 1165 2205 omnium
1186 2164 1385 2205 manus
1410 2166 1544 2205 ven-

341 2250 404 2294 tu
410 2256 500 2293 rae
513 2232 704 2308 ess‘ent,
717 2234 905 2291 Sextio
918 2228 1105 2289 nostro
1125 2227 1439 2291 scribendas
1453 2232 1545 2293 de-

340 2320 506 2379 derit.
545 2320 734 2397 itaque
777 2318 919 2375 nihil
962 2336 1207 2393 unquam
1247 2314 1353 2392 legi
1380 2313 1543 2396 scrip-

339 2420 460 2461 tum
477 2409 799 2477 ens-mss's-spov.
824 2399 1048 2481 perspici
1068 2416 1253 2460 tamen
1269 2420 1340 2459 ex
1362 2399 1541 2462 literis

325 2488 582 2567 Pompeii
590 2487 788 2567 potest,
805 2485 947 2546 nihil
960 2482 1175 2547 Caesari
1188 2489 1409 2564 negari,
1418 2509 1541 2551 ont·

1706 1396 1708 1417 1

1698 2600 1705 2673 ³2
