1734 3067
352 172 466 214 πο
654 135 1322 220 EptsToLARUM

349 261 443 317 rit:
456 275 595 335 quae
610 258 743 314 mihi
765 259 944 333 gratia
960 257 1126 317 relata
1142 257 1226 333 fit,
1243 259 1432 318 nullus
1455 260 1586 321 do-

349 343 439 402 lor
468 363 555 401 me
577 345 753 420 angit3
774 363 946 402 unum
971 347 1158 403 omnia
1171 343 1318 421 poffe
1341 346 1576 406 dirum-

348 447 555 509 puntur
568 430 728 506 ii,qui
746 449 831 487 me
846 428 1050 508 aliquid
1067 429 1214 510 poss'e
1227 431 1574 492 doluerunt:

348 515 519 574 multa
534 516 669 573 mihi
700 514 832 572 dant
856 512 1070 574 solatia:
1109 537 1210 576 nec
1228 533 1413 577 tamen
1447 539 1576 596 ego

348 602 415 660 de
426 620 550 659 meo
566 598 701 658 statu
718 599 988 677 demigret
1013 621 1262 682 quaeque
1271 604 1383 661 vita
1399 623 1577 663 maxff

304 683 309 688 ’
348 689 459 746 ime
480 685 555 744 est
572 685 641 742 ad
672 702 947 758 naturam,
989 687 1058 745 ad
1083 707 1200 746 eam
1239 709 1325 747 me
1347 688 1573 764 refert),

347 789 405 830 et
426 773 493 832 ad
516 771 722 844 literas,
752 787 806 829 et
828 769 1000 830 studia
1017 771 1222 832 nostra:
1240 773 1462 833 dicendi
1482 775 1576 833 laq

347 861 541 918 horem
583 856 945 916 deleuatione
982 860 1226 917 oratoria
1266 858 1567 920 consolor.

348 945 549 1003 domus
560 964 667 1016 me,
684 958 744 1000 et
764 963 889 1001 rura
913 941 1094 1002 nostra
1115 944 1404 1006 deleetant.
1431 967 1566 1006 non

348 1031 615 1091 recordor
646 1027 793 1088 unde
816 1029 1126 1106 ceciderim,
1167 1028 1254 1089 sed
1271 1031 1420 1090 unde
1433 1028 1566 1090 sur-

348 1121 604 1178 rexerim.
652 1115 876 1172 fratrern
891 1135 1102 1175 mecum
1119 1132 1172 1174 et
1189 1130 1242 1174 te
1265 1115 1303 1174 fi
1319 1119 1566 1194 habeba,

349 1224 449 1284 per
462 1225 549 1262 me
567 1201 660 1260 ista
690 1200 916 1280 pedibus
941 1204 1248 1260 trahantur.
1294 1203 1456 1262 vobis
1473 1209 1566 1272 ἔμ-

348 1306 637 1359 φιλοσσφεῑσαι
665 1285 896 1365 possum.
945 1286 1106 1346 locus
1129 1286 1223 1345 ille
1238 1287 1566 1347 animinos-

350 1377 443 1447 tri,
476 1373 781 1434 stomachus
812 1374 904 1438 ubi
927 1374 1204 1431 habitabat
1229 1371 1387 1445 olim}
1413 1393 1568 1432 con·

348 1461 554 1522 calluit.
606 1462 819 1540 privata
832 1457 1026 1532 modo,
1063 1474 1118 1516 et
1132 1457 1423 1518 domestica
1443 1479 1566 1520 nos

348 1546 642 1606 delectant.
696 1544 894 1603 miram
926 1541 1266 1603 securitatem
1307 1543 1522 1603 videbis
1543 1567 1564 1606 ε

348 1635 508 1712 cujus
528 1632 787 1713 plurimae
801 1627 1108 1688 mehercule
1131 1645 1316 1708 partes
1341 1627 1468 1688 sunt
1495 1633 1566 1690 in

346 1736 451 1780 tuo
468 1719 643 1779 reditu
654 1761 668 1776 .
718 1735 884 1774 nemo
899 1717 1048 1773 enirn
1072 1717 1133 1773 in
1149 1717 1314 1773 terris
1329 1713 1402 1773 est
1417 1717 1566 1776 mihi

348 1825 461 1866 tam
494 1801 964 1866 consentientibus
989 1799 1247 1860 senilibus.
1291 1799 1380 1858 sed
1409 1803 1566 1860 acci-

346 1914 415 1972 pe
440 1892 565 1952 alia.
612 1909 699 1948 res
730 1888 850 1945 fluit
878 1886 944 1945 ad
972 1889 1369 1962 interregnum;
1399 1901 1453 1944 ct
1479 1886 1566 1948 est

348 1975 657 2038 nonnullus
680 1973 823 2033 odor
849 1973 1192 2031 Die'taturae:
1223 1973 1397 2032 sermo
1425 1974 1562 2048 qui-

348 2066 469 2125 dem
494 2059 722 2131 multus;
764 2059 859 2137 qui
882 2059 1054 2116 etiam.
1075 2060 1374 2117 Gabinium
1403 2058 1564 2134 apud

350 2149 575 2210 timidos
598 2147 809 2223 judices
830 2145 1064 2222 adjuvit.
1095 2141 1372 2202 candidati
1391 2147 1562 2202 Con·

346 2235 545 2296 salares
568 2253 762 2293 omnes
776 2232 853 2289 rei
877 2230 1139 2290 ambitus.
1160 2228 1370 2288 accedit
1383 2229 1559 2290 etiam

346 2322 651 2378 Gabinius:
680 2337 842 2393 quem
868 2324 928 2374 P.
957 2315 1120 2391 Sylla,
1154 2335 1272 2373 non
1293 2313 1556 2374 dubitans

348 2407 483 2479 quin
509 2403 646 2460 foris
660 2399 807 2472 effet‚
822 2398 1138 2478 postularat,
1151 2413 1350 2458 contra
1361 2398 1558 2458 dicen-

349 2502 403 2552 te
418 2502 472 2546 et
496 2485 631 2545 nihil
647 2487 936 2544 obtinente
951 2490 1276 2562 Torquato.
1321 2481 1410 2543 sed
1427 2503 1561 2546 om·
