1734 3067
383 168 503 223 An
530 164 960 222 ATTICUM
991 166 1234 221 manv.
1283 144 1396 238 203'

175 267 432 346 judiciis,
462 286 601 346 quae
632 265 750 343 lege
772 268 964 325 Coffla
989 264 1146 339 fiant,
1171 286 1397 344 quaere·

187 374 429 414 remane
448 369 501 411 te
512 353 791 429 objurgari
818 367 1028 431 patere,
1049 351 1247 428 fijure.
1271 346 1398 410 scri-

184 442 275 501 bis
300 441 449 498 enim
472 440 531 496 in
556 436 798 516 epistola,
824 458 992 515 quam
1013 444 1081 496 C.
1111 440 1396 497 Decimius

186 526 323 585 mihi
348 523 588 583 reddidit
610 526 886 581 Buthroto
903 522 1109 598 datam,
1130 526 1189 582 in
1218 523 1398 583 Asiam

189 614 288 671 tibi
314 610 557 669 eundum
594 606 699 669 effe
726 624 783 667 te
804 612 1080 669 arbitrari.
1131 612 1263 668 mihi
1290 632 1402 669 me-

188 696 415 756 hercule
438 696 577 753 nihil
598 694 892 753 videbatur
913 693 1017 754 este
1041 698 1098 753 in
1132 716 1246 775 quo
1271 710 1398 755 tan·

190 784 370 843 tulum
401 780 701 855 intercisa,
724 797 910 839 utrum
949 800 1048 859 per
1071 799 1398 860 procurato·

190 888 279 928 res
304 872 515 945 ageres,
536 888 607 925 an
626 886 723 946 per
747 866 945 946 ipsum;
987 883 1047 924 ut
1064 870 1180 925 abis
1207 872 1370 927 toties
1379 913 1399 943 ,

188 969 372 1015 ettam
386 954 555 1029 longe
576 955 729 1011 abes.
760 951 847 1011 sed
866 956 1000 1011 haec
1023 954 1235 1011 mallem
1254 957 1397 1013 inte-

190 1061 288 1118 gra
321 1060 379 1097 re
415 1055 594 1098 tecum
636 1036 813 1114 egiss'e.
864 1037 1112 1117 profe-sto
1128 1041 1274 1097 enim
1299 1041 1398 1099 ali-

192 1124 327 1205 quid
351 1123 588 1201 egiffem.
620 1144 771 1182 nunc
792 1126 1082 1203 reprimam
1107 1122 1401 1204 susceptam

194 1212 668 1287 objurgationem.
719 1212 931 1268 utinam
955 1210 1134 1269 valeat
1165 1212 1231 1269 ad
1256 1214 1398 1271 cele·

194 1299 412 1355 ritatem
434 1296 641 1355 reditus
668 1298 770 1355 tui.
814 1316 922 1373 ego
947 1296 1012 1355 ad
1032 1313 1086 1354 te
1109 1314 1400 1377 propterea

192 1382 381 1441 minus
419 1380 573 1460 saepe
606 1378 809 1455 scribo,
838 1381 992 1459 quod
1029 1401 1240 1443 certum
1277 1407 1398 1446 non

194 1470 375 1527 babeo
397 1468 491 1525 ubi
516 1467 603 1541 fis»,
621 1483 715 1525 aut
728 1470 821 1526 ubi
838 1468 1054 1526 futurus
1066 1468 1153 1529 fis,
1173 1473 1298 1529 huic
1315 1488 1399 1531 ta·

193 1574 322 1613 men
346 1552 531 1612 nescio
554 1555 663 1627 cui,
684 1554 837 1632 quod
860 1552 1150 1613 videbatur
1172 1558 1220 1614 is
1244 1572 1299 1615 te
1313 1555 1400 1617 vi-

120 1700 131 1713 ,
192 1638 351 1698 surus
371 1637 499 1713 effe,
528 1642 719 1719 putavi
742 1638 950 1697 dandas
967 1639 1069 1698 effe
1083 1640 1290 1701 literas,
1312 1658 1398 1719 tu,

194 1726 467 1803 quoniam
490 1727 696 1783 iturum
720 1741 775 1783 te
797 1727 857 1783 in
886 1723 1065 1784 Afiam
1093 1726 1196 1785 esse
1210 1742 1398 1807 putas,

195 1812 265 1868 ad
288 1830 431 1887 quae
467 1825 716 1887 tempora
752 1826 807 1869 te
828 1816 1199 1891 expediemus»,
1227 1813 1399 1875 facias

194 1916 285 1955 me
298 1898 586 1955 certiorem
603 1896 765 1957 velim
771 1913 848 1973 ,et
856 1897 924 1955 de
939 1900 1247 1977 Eutychide
1263 1900 1399 1981 quid

193 2002 391 2058 egens.

439 2172 691 2215 cxcssno
720 2174 983 2215 Αττιοο
1011 2176 1080 2216 sa
1100 2176 1162 2214 1..
1243 2166 1250 2173 '

118 2266 175 2311 17
208 2238 215 2243 ’
284 2249 333 2299 0
356 2246 667 2319 expectatas
692 2244 825 2299 mihi
850 2242 1196 2301 tuasliteras!
1218 2244 1256 2302 ὂ
1277 2264 1400 2321 gra·

193 2342 309 2385 turn
334 2327 655 2385 adventurn!
684 2329 725 2387 ὂ
758 2328 1118 2386 constantiam
1138 2330 1400 2406 proiniffi,

190 2427 247 2469 et
262 2412 425 2470 fidem
450 2416 669 2471 miram!
700 2414 739 2471 ὁ
766 2417 1183 2491 navigatione-m
1209 2436 1400 2474 aman·
1468 2430 1474 2437 ’

190 2498 337 2557 dam!
390 2518 557 2577 quam
586 2502 894 2559 mehercule
913 2522 1018 2580 ego
1049 2500 1208 2560 valde
1237 2504 1400 2561 time·

742 2589 858 2649 16
