1734 3067
327 202 397 245 12
596 180 1250 243 EPISTOIJARUM

300 302 335 339 e
346 298 439 339 um
456 276 663 341 multos
680 278 799 338 dies
812 295 972 337 aures
989 295 1138 336 meas
1155 273 1400 336 Acutilio
1407 271 1518 335 de-

304 364 523 436 diffem3
558 366 719 443 eujus
750 361 1019 432 sermonis
1050 380 1226 439 genus
1263 362 1368 420 tibi
1398 380 1514 420 no-

303 465 427 509 tum
442 448 545 509 esse
570 452 847 520 arbitron
885 468 1004 507 non
1029 448 1166 506 mihi
1183 466 1350 525 grave
1369 445 1516 505 duxi

304 534 537 597 scribere
551 534 621 595 ad
638 551 695 596 te
710 535 779 595 de
793 535 942 595 iuius
961 533 1346 612 querimoniis,
1379 552 1516 591 cum

306 640 401 681 eas
418 620 625 698 audire,
660 619 812 700 quod
840 630 959 681 erat
977 615 1355 693 subodiosum,
1387 616 1518 677 leve

305 704 590 787 putaffem.
636 705 727 767 sed
744 709 842 765 abs
866 720 921 764 te
945 701 1088 784 ipso,
1111 704 1208 783 qui
1237 722 1328 762 me
1349 723 1520 763 accu-

306 788 417 868 sas,
438 812 580 852 unas
600 793 735 851 mihi
753 790 892 851 scito
923 789 1110 849 literas
1127 787 1370 849 redditas
1386 787 1522 863 effe,

307 898 437 939 cum
450 894 507 937 et
524 880 625 937 otii
644 877 713 937 ad
732 874 1074 936 scribendum
1089 873 1238 953 plus,
1262 889 1328 934 et
1339 873 1520 935 facul·

309 979 484 1024 tatem
516 962 685 1023 dandi
720 963 988 1040 majorem
1022 961 1298 1019 habueris.
1363 959 1524 1039 quod

312 1048 530 1123 scribis,
570 1050 737 1109 etiam
762 1046 803 1107 fi
825 1046 988 1124 eujus
1005 1047 1224 1106 animus
1241 1047 1304 1105 in
1319 1060 1376 1105 te
1389 1042 1526 1106 effet

312 1133 597 1210 offeufior,
618 1155 651 1193 a
666 1154 757 1194 me
782 1133 1026 1209 recolligi
1047 1146 1308 1211 oportere
1325 1154 1350 1204 ς
1383 1129 1523 1211 quid

314 1220 493 1281 dicasz
508 1240 687 1300 neque
702 1219 759 1279 id
776 1216 1112 1296 neglexizsed
1125 1216 1200 1277 est
1214 1220 1360 1277 miro
1373 1236 1522 1295 quo-

314 1306 445 1367 dam
458 1306 629 1367 modo
644 1304 889 1365 affectus.
933 1322 1042 1381 ego
1057 1318 1262 1377 autem,
1279 1322 1423 1383 quae
1435 1302 1522 1363 di-

315 1392 493 1455 cenda
505 1392 731 1453 suerum
744 1389 815 1450 de
828 1406 910 1466 te,
931 1410 1050 1449 non
1065 1391 1339 1469 praeterii.
1383 1388 1526 1468 quid

319 1493 507 1539 autem
524 1476 976 1538 contendendum
991 1472 1152 1551 effer,
1162 1494 1238 1535 ex
1251 1489 1348 1536 tua
1363 1489 1528 1555 puto-

320 1566 450 1623 bam
473 1564 765 1623 voluntate
788 1560 1016 1621 statuere
1039 1574 1298 1640 oportere
1315 1582 1334 1620 ε
1359 1580 1528 1641 quam

320 1648 365 1709 fi
382 1648 453 1709 ad
472 1670 561 1709 me
592 1646 988 1729 perscripseris‚
1015 1644 1294 1725 intelliges
1317 1664 1410 1708 me
1425 1665 1528 1705 ne-

319 1754 432 1815 que
448 1735 851 1811 diligentiorem
864 1730 973 1791 effe.
985 1730 1238 1806 uoluiffe,
1275 1751 1442 1812 quam
1463 1745 1530 1791 tu

320 1819 479 1896 effeS,
500 1840 685 1899 neque
698 1818 1154 1896 negligentiorem
1181 1816 1323 1892 fore,
1359 1836 1528 1895 quam

322 1924 389 1967 tu
406 1907 572 1967 velis.
614 1904 682 1965 de
699 1903 960 1963 Tadiana
975 1924 1058 1975 re,
1079 1922 1294 1965 meeum
1313 1902 1530 1963 Tadius

322 1988 649 2065 locutusest‚
668 2005 725 2050 te
738 1991 817 2048 ita
828 1987 1102 2069 scripfiffe,
1119 1988 1260 2049 nihil
1277 1987 1528 2065 effejam,

326 2078 483 2159 quod
502 2078 861 2150 laboraretur,
883 2076 1152 2154 quoniam
1169 2073 1444 2133 hereditas
1462 2094 1529 2133 u·

324 2164 547 2243 sucapta
562 2159 711 2221 estet.
756 2160 813 2219 id
830 2162 1160 2221 mirabamur
1178 2174 1232 2218 te
1246 2159 1528 2236 ignorare,

322 2250 399 2311 de
418 2248 585 2308 tutela
602 2246 863 2324 legitima,
881 2249 940 2305 in
961 2266 1072 2325 qua
1085 2244 1286 2305 dicitur
1303 2241 1406 2305 effe
1423 2264 1528 2324 pu·

318 2333 596 2408 elh,nihil
614 2330 829 2411 usuoepi
844 2330 1360 2411 polleAEpiroticam
1375 2348 1528 2408 emp-

330 2422 543 2479 tionem
576 2417 789 2496 gaudeo
817 2418 919 2477 tibi
955 2415 1189 2496 placere.
1250 2434 1390 2493 quae
1424 2416 1526 2475 tibi

316 2504 615 2585 mandavi,
640 2518 695 2565 et
710 2522 853 2585 quae
864 2518 928 2565 tu
939 2500 1216 2583 intelliges
1227 2501 1526 2567 convenire
