1734 3067
354 171 459 230 ¹74
628 153 1290 214 EPISTOLARUM

335 259 468 320 haec
491 271 675 318 tamen
691 254 916 327 summm
936 253 1034 314 nifi
1053 254 1194 314 Milo
1209 255 1270 314 in
1287 273 1564 334 campum

338 341 729 416 obnuntiaffit,
750 343 978 408 comitia
1002 341 1206 400 futura.
1254 356 1386 400 ante
1403 342 1564 401 diem

340 447 416 488 xt
436 450 459 492 1
484 428 1009 488 kal.Decemb.Milo
1020 427 1198 487 media
1211 429 1374 486 nodie
1395 447 1562 503 mag-

334 535 409 572 na
424 535 589 574 manu
609 517 665 572 in
684 532 936 595 campum
953 516 1128 573 venit.
1164 511 1400 572 Clodius
1419 533 1558 572 eum

334 603 559 660 haberet
588 599 950 678 fugitivorum
971 599 1206 660 dele-&as
1239 599 1458 678 copiae,
1489 601 1556 658 in

336 707 589 766 campum
613 689 691 746 ire
708 707 827 746 non
841 685 916 745 est
933 684 1112 744 ausus,
1127 684 1272 744 Milo
1287 703 1554 762 perman-

335 771 403 830 fit
442 773 509 830 ad
534 773 817 832 meridiem
838 770 1065 830 mirifica
1086 773 1373 833 hominum
1391 769 1557 828 laeti-

329 860 439 932 tia,
450 857 653 918 summa
668 879 791 916 cum
800 858 997 934 gloria.
1011 857 1302 916 contentio
1318 855 1560 915 fratrum

338 945 507 1002 trium
532 946 733 1023 turpis,
754 945 923 1004 frahin
945 945 1056 1016 vis,
1082 957 1437 1021 contemptus
1459 941 1558 1000 fu-

336 1049 459 1090 sor.
492 1029 747 1090 Metellus
762 1046 946 1090 tamen
963 1027 1220 1107 postulat,
1235 1043 1302 1088 ut
1310 1027 1404 1088 fibi
1420 1026 1552 1106 pos·

342 1131 467 1182 tero
496 1115 585 1174 die
615 1118 673 1174 in
698 1115 825 1176 foro
856 1115 1242 1174 obnuntieturz
1278 1113 1418 1172 nihil
1447 1111 1554 1172 esse

342 1201 493 1280 quod
506 1203 565 1260 in
580 1221 831 1281 campum
854 1205 1016 1260 nodie
1028 1198 1392 1272 veniretur3se
1407 1201 1550 1259 hora

342 1289 519 1367 prima
540 1289 599 1346 in
618 1290 845 1348 comitio
865 1287 1007 1346 fore.
1052 1289 1240 1364 itaque
1254 1302 1384 1344 ante
1399 1284 1549 1344 diem

342 1393 411 1432 xt
430 1372 651 1440 kalend.
664 1377 721 1432 in
734 1375 1022 1436 comitium
1037 1372 1182 1432 Milo
1193 1371 1262 1432 de
1277 1373 1440 1430 noete
1452 1391 1549 1430 ve·

344 1462 451 1518 nit.
498 1461 753 1520 Metellus
781 1481 906 1520 cum
920 1460 1096 1538 prima
1113 1456 1238 1518 luce
1267 1457 1455 1518 furtim
1483 1458 1549 1514 in

341 1565 590 1624 campum
623 1547 912 1606 itineribus
950 1563 1122 1624 prope
1153 1543 1328 1604 deviis
1359 1563 1546 1604 curre·

344 1633 460 1689 bat:
488 1629 777 1709 ass'equitur
794 1635 941 1690 inter
955 1631 1111 1694 lucos
1129 1621 1414 1690 hominetn
1431 1630 1546 1688 Mi-

342 1716 423 1788 103
444 1719 759 1776 obnuntiat.
807 1717 902 1776 ille
925 1715 976 1774 se
1007 1717 1232 1796 recepit,
1257 1735 1456 1791 magno
1481 1729 1541 1772 et

340 1804 488 1879 turpi
528 1810 607 1877 Q.
634 1803 813 1864 Flacci
836 1804 1116 1862 convicio.
1162 1817 1291 1861 ante
1313 1802 1452 1859 diem
1489 1821 1533 1860 x

340 1888 451 1946 kal.
472 1888 773 1948 nundinae.
820 1890 1024 1948 concio
1052 1886 1222 1947 biduo
1246 1886 1419 1946 nulla.
1437 1906 1540 1944 an-

337 1990 395 2032 te
407 1974 551 2032 diem
575 1993 611 2032 v
627 1995 645 2034 1
661 1995 679 2032 1
695 1996 711 2033 1
728 1974 835 2035 kal.
859 1978 990 2032 haec
1007 1995 1110 2050 ego
1129 1973 1418 2034 scribebam
1431 1975 1540 2030 ho-

332 2081 401 2118 sa
427 2061 607 2120 nostis
621 2081 795 2120 nona.
822 2060 966 2120 Milo
981 2079 1234 2138 campum
1250 2060 1370 2135 jam
1385 2073 1537 2116 tene-

337 2149 454 2204 bat.
505 2146 801 2206 Marcellus
826 2145 1152 2206 candidatus
1168 2146 1244 2204 ita
1264 2143 1536 2218 stertebat,

328 2247 401 2290 -ut
425 2251 529 2307 ego
552 2234 771 2292 vicinus
790 2231 1054 2290 audirem.
1104 2229 1292 2290 Clodii
1304 2228 1534 2288 vestibu-

329 2317 448 2372 lum
466 2336 697 2374 vacuum
719 2316 847 2376 sane
856 2319 990 2376 mihi
1007 2318 1385 2376 nuntiabatur:
1399 2335 1529 2394 pau-

334 2401 382 2456 ci
402 2397 629 2473 pannosi
651 2398 765 2459 fine
780 2400 1013 2458 laterna.
1029 2421 1152 2459 meo
1175 2398 1404 2460 consilio
1417 2421 1532 2460 om-

332 2485 427 2544 nia
434 2479 514 2544 ini
536 2482 651 2543 fieri
666 2485 1060 2563 querebantur,
1073 2486 1250 2566 ignari
1263 2501 1535 2570 quantum
