1734 3067
332 160 906 221 ADATTICUM
930 162 1048 217 Lm.
1103 162 1179 215 V.
1261 176 1374 232 2¹5

168 258 333 331 tebit,
348 258 479 316 item
494 254 717 315 Bibulo.
764 252 851 314 sed
871 276 987 314 non
1003 246 1220 328 dubito,
1235 260 1377 335 quin

170 340 733 403 senatus-consultum
749 340 1063 418 expeditum
1081 340 1164 415 fit,
1189 344 1248 399 in
1261 363 1378 421 quo

76 443 80 446 ’
175 427 491 509 praesertim
536 426 926 507 compendium
953 424 1018 485 fit
1049 428 1260 507 populi.
1309 430 1380 488 de

173 521 500 593 Torquato,
518 516 711 591 probe.
728 512 799 571 de
821 511 1073 588 Masone,
1088 528 1142 573 et
1155 516 1382 591 Ligure,

176 620 303 659 cum
320 602 597 659 venerint.
644 598 712 657 de
727 598 825 657 illo
844 598 998 677 quod
1016 603 1382 679 Chaerippus,

177 685 475 765 (quonlam
490 689 579 743 hle
592 704 817 763 quoque
830 694 1094 759 wpcicvwew
1110 684 1382 765 sustulisti)

178 774 221 833 ὁ
238 773 549 850 provincia!
578 772 813 829 etiamne
827 773 918 830 hic
944 773 1080 830 mihi
1109 773 1383 833 curandus

116 914 123 919 .
179 856 283 917 est?
296 857 569 917 curandus
581 858 791 918 autem?
802 859 1160 932 haelenusme
1172 856 1304 937 quid
1316 860 1388 919 ad

183 942 451 1003 senatum:
469 940 735 1016 Consule,
750 959 845 1001 aut
869 963 1118 1003 numera.
1165 964 1294 1003 nam
1317 944 1388 1003 de

188 1032 418 1091 caeteris
442 1072 459 1089 .
488 1073 503 1089 .
535 1071 551 1088 .
577 1027 667 1087 sed
698 1042 882 1086 tamen
899 1026 1208 1102 commode,
1237 1029 1391 1109 quod

186 1137 317 1177 cum
342 1114 552 1174 Scrofa.
596 1112 665 1171 de
694 1114 966 1173 Pominio
992 1118 1133 1173 reste
1160 1112 1350 1175 scribis
1368 1137 1386 1174 ε

194 1198 275 1261 est
286 1202 435 1259 enim
452 1202 547 1259 ita:
566 1214 629 1257 ut
640 1198 677 1258 fi
692 1214 822 1259 ante
836 1198 1174 1276 kalend.Jun
1183 1245 1199 1260 .
1211 1207 1388 1261 Brun-

196 1284 335 1347 dufii
353 1284 569 1345 futurus
604 1284 691 1361 fit,
721 1286 907 1345 minus
939 1285 1170 1365 urgendi
1185 1284 1395 1346 fuerint

197 1379 289 1434 M.
309 1372 583 1446 Anneius,
598 1387 653 1431 et
668 1371 921 1430 Tullius.
947 1391 1088 1450 quae
1101 1372 1168 1431 de
1188 1374 1395 1433 Sicinio

198 1456 413 1531 audisti,
436 1478 501 1516 ea
522 1459 658 1517 mihi
675 1459 1002 1534 probantum
1017 1446 1194 1517 modo
1209 1480 1280 1518 ne
1302 1458 1398 1518 illa

195 1546 453 1624 exceptio
468 1546 528 1602 in
545 1544 781 1621 aliquem
802 1545 1049 1603 incurrat
1061 1544 1200 1601 bene
1215 1544 1281 1601 de
1298 1564 1406 1603 no·

196 1633 287 1691 bis
316 1632 595 1690 meritum.
643 1627 731 1686 sed
766 1626 1247 1688 confiderabimus=
1284 1650 1400 1688 rem

196 1718 349 1776 enim
369 1717 570 1794 probo,
618 1712 685 1772 de
706 1712 898 1773 nostro
921 1716 1114 1773 itinere
1137 1714 1288 1792 quod
1302 1714 1403 1774 sta·

204 1818 389 1874 tuer03
422 1801 490 1860 de
522 1802 767 1879 quinque
786 1798 1068 1880 praefeeiis
1083 1800 1220 1881 quid
1237 1808 1404 1860 Pom·-

205 1888 363 1968 peius
380 1885 618 1945 faetums
640 1884 726 1960 fit,
742 1906 866 1946 cum
887 1906 960 1945 ex
979 1884 1098 1965 ipso
1128 1908 1406 1965 cognoro,

206 1973 427 2045 faciam,
459 1987 521 2031 ut
554 1969 711 2031 scias.
760 1972 827 2031 de
844 1973 1028 2051 Oppio
1067 1974 1206 2031 bene
1227 1973 1408 2032 curas·

209 2061 279 2132 ti,
294 2057 446 2134 quod
468 2059 519 2115 ei
540 2077 579 2116 n
594 2077 715 2117 ccc
736 2056 1047 2137 exposuisti:
1065 2058 1252 2137 idque,
1268 2080 1410 2137 quo·
1457 2102 1466 2111 .

208 2146 365 2215 niam
382 2142 737 2203 Philotimum
761 2146 952 2218 habes,
973 2142 1187 2223 perfice,
1201 2160 1256 2202 et
1279 2165 1414 2221 cog·

214 2226 383 2290 nosce
405 2230 699 2289 rationem:
728 2246 810 2304 et,
832 2245 896 2287 ut
912 2249 1067 2306 agam
1097 2229 1352 2307 amplius»,
1373 2227 1414 2289 fi

212 2336 303 2375 me
316 2334 461 2373 amas
467 2316 639 2394 ‚prius
663 2318 831 2395 quim
847 2312 1226 2395 proficiscari3‚
1243 2314 1414 2397 effieez

213 2422 415 2479 magna
428 2421 519 2459 me
532 2422 661 2459 cura
674 2400 896 2461 levaris·
930 2400 1094 2459 habes
1115 2398 1182 2459 ad
1206 2402 1414 2463 omnia.

212 2485 311 2549 etfi
342 2507 487 2567 pene
521 2488 781 2569 praeterii
812 2490 1059 2551 chartam
1085 2486 1187 2547 tibi
1225 2484 1417 2549 deess‘e:
