1734 3067
358 142 479 196 AD
504 139 940 196 ATTICUM
979 139 1220 194 Liadv.
1299 155 1409 201 201

198 257 303 296 nes
336 237 711 306 absolventur;
751 254 855 293 nec
884 231 1104 312 posthac
1121 230 1410 310 quisquam

198 324 575 394 damnabitur,
588 319 691 378 nisi
705 321 801 398 qui
824 319 1105 377 hominem
1123 319 1410 377 occiderit.

197 413 312 468 hoc
342 423 527 466 tamen
544 408 725 482 agitur
746 403 1008 462 severius.
1055 403 1408 482 itaqueindi·

197 497 287 554 cia
302 493 505 552 calent.
526 499 583 550 M
594 535 608 550 .
630 491 853 549 Fulvius
868 489 1125 549 Nobilior
1141 488 1408 566 condem-

196 595 367 638 natus
382 578 477 638 est.
496 576 754 636 multialii
770 577 966 633 urbani
987 596 1057 633 ne
1073 573 1409 654 respondent

196 665 447 742 quidem.
492 663 628 740 quid
654 660 801 720 aliud
824 662 990 718 novi?
1009 675 1066 718 ct
1083 675 1288 718 tamen.
1308 663 1408 718 ab·

195 749 380 808 soluto
418 750 661 806 Gabinio
698 746 1099 806 stomachantes
1138 746 1229 804 alii
1251 747 1404 822 judi-

194 855 317 906 ces,
354 838 487 894 hora
512 832 654 913 post,
696 835 1038 891 Antiochum
1079 832 1402 905 Gabinium,

196 919 385 980 nescio
396 940 559 998 quem
577 923 607 977 ὲ
620 917 896 998 Sopolidis
912 919 1210 994 pictoribus
1215 915 1400 990 ,liber-

196 1021 343 1078 tum,
375 1027 439 1066 ac
461 1004 746 1064 accensum
785 1004 1034 1074 Gabinii,
1073 1002 1190 1078 lege
1234 1004 1400 1080 Papia

195 1089 667 1162 condemnarunt.
693 1092 882 1166 itaque
905 1087 1048 1146 dixit
1065 1085 1234 1145 statim
1248 1106 1398 1158 reus,

193 1177 317 1253 lege
343 1175 665 1253 Majestatis‚
696 1188 720 1232 ὓ
742 1186 787 1232 α’
809 1183 902 1234 οἶδ’
933 1184 1056 1246 xm·
1091 1183 1196 1242 ἅμα
1213 1174 1394 1246 Παφίη.)

194 1263 496 1322 Pontinius
526 1261 651 1320 vult
676 1281 728 1320 a.
760 1259 817 1318 d.
848 1279 918 1318 xv
941 1279 1082 1318 non.
1111 1260 1390 1318 Novemb-

192 1351 555 1424 triumphare.
598 1349 725 1406 huic
740 1347 961 1404 obviam
986 1352 1151 1421 Cato,
1184 1360 1240 1404 ct
1269 1351 1396 1404 Ser-

192 1434 359 1492 vilius
399 1440 681 1492 Praetores
718 1447 932 1510 aperte,
970 1447 1026 1489 et
1060 1439 1136 1506 Q.
1169 1433 1397 1491 Mucius

192 1522 509 1578 Tribunus·
542 1533 749 1594 negant
768 1519 918 1575 enim
933 1517 1104 1575 latum
1125 1515 1192 1574 de
1216 1518 1396 1595 irnpe-

190 1607 301 1664 rio:
327 1620 381 1662 et
394 1603 469 1662 est
482 1605 651 1662 latum
673 1601 892 1660 hercule
919 1601 1130 1662 insulse.
1177 1601 1268 1661 sed
1285 1605 1394 1662 erit

188 1711 319 1750 cum
338 1690 602 1749 Pontinio
618 1691 833 1767 Appius
858 1685 1088 1746 Consul.
1137 1693 1283 1747 Cato
1305 1703 1390 1748 ta-

188 1796 317 1834 men
350 1776 607 1850 affirmm,
634 1771 689 1832 se
714 1775 849 1832 vivo
873 1774 1028 1834 illum
1052 1795 1168 1832 non
1193 1775 1395 1834 trium-

184 1866 377 1941 phare.
424 1861 479 1919 id
507 1881 613 1937 ego
636 1875 796 1939 puto,
822 1875 898 1919 ·ut
924 1860 1096 1918 multa
1124 1859 1394 1936 ejusdem,

186 1947 257 2004 ad
280 1947 419 2004 nihil
434 1945 757 2004 recasurum.
778 1947 994 2024 Appius
1009 1944 1120 2004 fine
1135 1946 1272 2023 lege,
1288 1945 1321 2002 s
1312 1966 1396 2004 uor

184 2031 405 2110 sumptu
436 2033 495 2088 in
528 2032 775 2089 Ciliciam
813 2035 1044 2108 cogitat.
1090 2035 1391 2090 Paccianae

182 2115 440 2195 epistolae
456 2115 734 2194 respondi:
764 2116 1034 2192 cognosce
1051 2134 1280 2176 caetera.
1313 2137 1396 2176 ex.

185 2202 375 2260 fratris
412 2201 585 2260 literis
626 2203 969 2262 incredibilia
1006 2201 1269 2280 quaedam
1313 2202 1391 2260 de

186 2285 431 2344 Caesaris
460 2289 523 2344 in
554 2308 639 2344 mc
670 2309 855 2346 amore
886 2290 1159 2364 cognovi:
1209 2307 1394 2366 eaque

184 2371 311 2430 sunt
324 2371 484 2450 ipfius
500 2371 741 2430 Caesaris
753 2375 1040 2431 uberrimis
1057 2373 1230 2432 literis
1244 2394 1390 2432 con-

185 2457 419 2520 firmata.
466 2460 771 2522 Britannici
810 2459 941 2518 belli
980 2461 1162 2520 exitus
1184 2479 1388 2539 expec-

730 2549 914 2618 ῖς,
