1734 3067
309 152 437 208 AD
458 150 898 207 ATTICUM
919 150 1040 205 Lm.
1061 152 1164 209 111.
1251 164 1356 229 143

126 245 245 309 fisti
276 246 349 307 ad
372 267 483 322 me,
506 246 789 327 quoddam
820 262 986 328 caput
1007 248 1142 327 legis
1167 248 1364 311 clodi-

130 356 241 395 um
258 336 323 393 in
346 336 531 395 curiae
552 332 703 415 poste
722 332 918 408 fixiffe,
931 353 1004 393 ne
1023 334 1234 413 referri,
1261 359 1363 399 ne·

136 442 217 481 ve
231 420 351 481 dici
370 420 579 481 liceret.
626 420 932 501 quomodo
961 424 1130 499 igitur
1159 428 1365 485 Domi·

142 510 267 568 tius
284 505 338 565 se
354 506 501 565 dixit
515 505 839 567 relaturum?
858 526 976 587 quo
995 506 1364 573 modoautem

144 594 247 668 iis,
279 608 507 672 questu
534 590 746 668 scribis,
784 593 928 653 etde
955 612 1016 653 re
1035 593 1362 674 dicentibus,

148 694 212 739 et
240 694 307 739 ut
328 678 624 739 referretur
657 678 1060 760 postulantibus
1081 722 1102 756 ‚
1131 683 1366 743 clodius

151 765 361 825 tacuit?
403 785 491 838 ac,
527 764 567 825 fi
590 785 689 846 per
722 766 1012 847 populum,
1043 771 1368 847 poterintne

154 848 261 911 nifi
276 850 348 911 de
363 853 615 912 omnium
640 854 1028 915 Tribunorum
1043 854 1224 933 plebis
1245 854 1368 916 sen·

159 938 367 997 tentia?
387 938 520 1016 quid
536 937 603 997 de
618 940 813 999 bonis?
828 940 968 1019 quid
981 939 1052 999 de
1065 939 1234 1003 domo
1241 943 1372 1023 ἓρο·

161 1024 373 1084 teritne
396 1022 628 1085 restitui?
652 1040 771 1101 aut,
786 1025 827 1085 fi
850 1046 970 1087 non
987 1028 1216 1107 poterit,
1235 1048 1372 1107 ego·

162 1125 283 1175 met
298 1110 585 1189 quomodo
599 1114 827 1191 potero?
842 1115 978 1174 haec
994 1110 1095 1173 nifi
1106 1114 1258 1175 vides
1271 1134 1374 1176 ex·

164 1195 371 1277 pediri,
393 1215 559 1276 quam
582 1199 643 1257 in
674 1195 821 1277 spem
842 1220 934 1257 me
946 1200 1146 1259 vocas?
1169 1198 1250 1262 fin
1275 1222 1376 1261 au·

160 1299 281 1343 tem
305 1281 415 1362 spei
439 1281 580 1343 nihil
596 1282 693 1360 est,
724 1304 867 1363 quae
887 1284 963 1345 est
983 1287 1118 1345 mihi
1147 1288 1291 1347 vita?
1327 1290 1376 1347 i-

163 1385 339 1449 taque
350 1374 581 1449 expedio
596 1370 1015 1432 Thessalonicae
1023 1374 1372 1439 afiakalend.

168 1464 327 1515 Sext.
362 1475 433 1514 ex
449 1458 649 1535 quibus
665 1456 916 1533 statuam,
927 1460 986 1517 in
1001 1456 1197 1519 tuosne
1212 1480 1376 1538 agros

166 1540 515 1619 confugiam,
550 1558 615 1601 ut
638 1564 818 1623 neque
844 1544 1065 1604 videam
1099 1548 1381 1624 homineS,

172 1646 320 1708 quos
338 1627 537 1703 nolim,
553 1646 607 1687 et
632 1644 708 1705 te,
724 1645 786 1689 ut
808 1629 1026 1705 scribis,
1056 1631 1298 1709 videam,
1320 1650 1382 1693 et

170 1715 405 1795 propius
419 1712 535 1790 fim,
555 1713 597 1774 fi
618 1714 753 1795 quid
778 1732 994 1795 agaturt
1020 1716 1187 1797 idque
1215 1720 1386 1779 intel·

176 1800 291 1861 lexi
310 1820 435 1861 cum
459 1802 581 1876 tibi,
596 1819 716 1862 tum
742 1805 960 1879 Quinto
969 1803 1128 1863 fratri
1143 1804 1382 1885 placere}

164 1908 253 1947 an
276 1888 461 1975 abeam
507 1890 795 1966 Cyzicum.
858 1910 1035 1966 nunc,
1083 1896 1386 1974 Pomponi,

179 1974 447 2053 quoniam
464 1974 603 2033 nihil
624 1974 906 2056 impertisti
922 1991 1047 2036 tuae
1061 1979 1390 2058 prudentiae

182 2059 253 2119 ad
281 2057 504 2121 salutem
540 2082 739 2137 meam,
762 2062 922 2141 qubd
949 2079 1046 2123 aut
1073 2066 1134 2123 in
1165 2064 1390 2146 meipso

187 2144 318 2233 fitis
343 2144 446 2206 effe
475 2148 688 2208 consilii
714 2149 1004 2224 decreras,
1035 2166 1132 2209 aut
1161 2166 1215 2209 te
1247 2152 1390 2212 nihil
1494 2144 1504 2153 ’

188 2232 311 2313 plus
326 2235 460 2294 mihi
490 2234 707 2311 debere,
724 2254 888 2314 quam
910 2251 974 2295 ut
1002 2235 1212 2316 praesto
1227 2235 1386 2313 essim

190 2321 559 2399 quoniamque
579 2340 683 2398 ego
699 2321 1391 2401 proditus,indu&u3‚eon-

179 2405 355 2485 jeikus
376 2402 437 2465 in
454 2406 723 2481 fraudem,
748 2409 939 2473 omnia
971 2428 1093 2467 mea
1128 2408 1392 2488 praesidia

186 2490 429 2572 neglexi3
461 2506 637 2556 totam
650 2492 888 2573 Italiam,
907 2494 966 2555 in
981 2514 1069 2556 me
1077 2494 1308 2555 erectam
1322 2495 1396 2555 ad
