1734 3067
391 180 513 233 AD
540 176 973 235 ATTICUM
1003 178 1121 231 m.
1148 176 1253 231 ιν.
1297 188 1408 244 205

196 272 433 347 Quinto
447 271 637 347 fratre,
658 288 715 331 et
744 294 775 331 a
800 270 1030 332 Caesare
1051 273 1236 350 accepi
1261 292 1309 329 a.
1337 270 1396 329 d.

200 378 227 417 1
242 379 288 417 x
303 402 315 412 .
344 357 459 417 kal.
480 360 757 434 Novemb.
782 359 992 431 literas,
1021 356 1268 417 confecta
1291 358 1412 415 Bri-

178 442 715 527 ⁶tarmia‚obfidibu2›.
730 446 992 522 acceptis,
1016 441 1168 501 nulla
1195 440 1413 522 praeda,

198 532 477 609 imperata
504 545 685 587 tamen
702 532 957 609 pecunia,
995 528 1152 588 datas
1179 548 1210 585 a
1231 528 1414 585 litori-

196 617 315 675 bus
334 616 647 673 Britanniae
662 616 924 694 proximo
937 613 1060 674 a.d.
1087 632 1154 673 v!
1187 612 1410 672 kalend.

206 702 413 764 Oetob.
428 702 727 758 exercitum
740 702 1022 759 Britannia
1037 703 1412 777 reportabant.

206 795 283 861 Q.
338 784 507 843 Pilius
544 802 663 843 erat
696 787 813 862 jam
847 786 916 844 ad
957 783 1236 845 Caesarem
1279 804 1414 863 pro-

202 872 409 931 festus.
454 886 540 944 tu,
572 869 611 929 fi
633 886 727 929 aut
764 892 922 929 amor
943 871 1004 929 in
1043 886 1098 929 te
1117 868 1192 928 est
1219 868 1414 944 nostri,

208 978 279 1017 ac
302 972 555 1030 tuorum,
578 973 675 1015 aut
686 956 797 1015 ulla
817 959 1048 1029 veritas,
1071 970 1166 1014 aut
1187 954 1226 1013 fi
1248 956 1414 1013 etiam

210 1042 385 1122 sapis,
402 1062 467 1101 ac
480 1041 589 1099 frui
604 1044 713 1099 tuis
740 1042 1050 1100 commodis
1074 1043 1306 1116 cogitas,
1324 1040 1416 1099 ad·

210 1128 447 1188 ven'tare
470 1142 525 1185 et
546 1147 721 1206 prope
733 1125 1036 1203 adeffejam
1058 1125 1243 1185 debes.
1292 1144 1414 1185 non

209 1212 525 1275 mehercule
554 1232 733 1291 aequo
754 1215 944 1272 animo
966 1227 1022 1270 te
1033 1230 1214 1272 careo,
1241 1225 1296 1269 te
1317 1231 1416 1270 au·

210 1314 328 1359 tem
352 1298 487 1377 quid
502 1300 725 1371 mirum,
754 1300 852 1377 qui
877 1294 1202 1374 Dionyfium
1225 1311 1420 1356 tanto·

211 1406 349 1466 pere
386 1382 701 1443 defiderem?
748 1404 912 1463 quem
943 1381 1166 1462 quidem
1204 1384 1298 1443 abs
1339 1398 1416 1458 te,

214 1492 347 1531 cum
366 1469 481 1528 dies
506 1472 745 1542 venerit,
762 1485 817 1527 et
838 1488 966 1545 eg0,
980 1484 1035 1526 et
1051 1469 1250 1527 Cicero
1263 1488 1418 1527 meus

212 1558 506 1633 flagitabit.
555 1557 651 1615 abs
668 1570 723 1614 te
752 1557 1036 1634 proximas
1051 1554 1234 1613 literas
1251 1554 1421 1613 habe·

212 1646 347 1703 bam
371 1639 583 1723 Epheso
600 1660 652 1699 a.
670 1639 729 1699 d.
750 1662 807 1700 v.
824 1640 904 1699 id.
924 1646 1078 1700 Sext.
1105 1639 1284 1698 datas.

461 1830 721 1871 ctczno
752 1830 1012 1872 Arrtco
1047 1830 1197 1871 sm..

136 1928 189 1973 ,3
312 1902 457 1955 Puto
474 1913 529 1955 te
550 1896 853 1957 existimare
875 1918 984 1971 me,
1011 1916 1162 1955 nunc
1183 1898 1417 1957 oblitum

220 1981 638 2042 consuetudinis
666 1999 725 2041 et
750 1980 982 2041 instituti
1007 1984 1134 2056 mei,
1149 1986 1324 2042 rarius
1349 1985 1418 2041 ad

220 2084 279 2128 te
301 2066 551 2144 scribere,
566 2088 730 2146 quam
754 2068 1012 2131 solebam:
1037 2066 1126 2127 sed
1157 2089 1280 2127 cum
1294 2070 1421 2127 loca

220 2169 281 2213 et
288 2155 485 2212 itinera
500 2170 593 2211 tua
608 2155 747 2213 nihil
754 2157 949 2213 habere
963 2156 1098 2213 certi
1119 2155 1308 2229 video,
1319 2174 1420 2212 ne-

222 2240 406 2319 quein
419 2242 666 2317 Epirum,
678 2260 857 2317 neque
875 2242 1144 2312 Athenae,
1162 2260 1342 2317 neque
1357 2243 1417 2297 in

225 2323 431 2396 Asiam,
454 2345 633 2403 neque
655 2327 930 2403 cuiquam,
951 2322 1050 2384 nifi
1067 2324 1134 2383 ad
1151 2338 1204 2382 te
1241 2323 1418 2405 ipsum

224 2407 625 2491 proficiscenti,
650 2409 773 2468 dedi
796 2409 1005 2469 literas·
1057 2428 1236 2488 neque
1267 2412 1434 2468 eninr

224 2494 353 2559 sum
374 2512 469 2556 eae
485 2494 739 2579 epistolae
766 2494 1008 2574 nostrae,
1025 2514 1168 2574 quae
1181 2494 1220 2555 fi
1243 2492 1420 2573 perla-
