<?xml version="1.0" encoding="UTF-8"?>
<!DOCTYPE html PUBLIC "-//W3C//DTD XHTML 1.0 Transitional//EN"
    "http://www.w3.org/TR/xhtml1/DTD/xhtml1-transitional.dtd">
<html xmlns="http://www.w3.org/1999/xhtml" xml:lang="en" lang="en">
 <head>
  <title>
</title>
<meta http-equiv="Content-Type" content="text/html;charset=utf-8" />
  <meta name='ocr-system' content='tesseract 3.04.00' />
  <meta name='ocr-capabilities' content='ocr_page ocr_carea ocr_par ocr_line ocrx_word'/>
</head>
<body>
  <div class='ocr_page' id='page_1' title='image "./mtulliiciceroni15unkngoog_0237.png"; bbox 0 0 1734 3067; ppageno 0'>
   <div class='ocr_carea' id='block_1_1' title="bbox 365 97 1420 214">
    <p class='ocr_par' dir='ltr' id='par_1_1' title="bbox 365 97 1420 214">
     <span class='ocr_line' id='line_1_1' title="bbox 365 97 1420 214; baseline -0.007 -18"><span class='ocrx_word' id='word_1_1' title='bbox 365 142 485 196; x_wconf 79' lang='lat' dir='ltr'>AD</span> <span class='ocrx_word' id='word_1_2' title='bbox 513 97 945 197; x_wconf 72' lang='lat' dir='ltr'>AT-m&#39;ch</span> <span class='ocrx_word' id='word_1_3' title='bbox 996 142 1117 195; x_wconf 74' lang='lat' dir='ltr'>Lm.</span> <span class='ocrx_word' id='word_1_4' title='bbox 1145 141 1220 194; x_wconf 86' lang='lat' dir='ltr'>v.</span> <span class='ocrx_word' id='word_1_5' title='bbox 1300 156 1420 214; x_wconf 84' lang='lat'><em>225.</em></span> 
     </span>
    </p>
   </div>
   <div class='ocr_carea' id='block_1_2' title="bbox 143 224 1463 2545">
    <p class='ocr_par' dir='ltr' id='par_1_2' title="bbox 143 224 1463 2545">
     <span class='ocr_line' id='line_1_2' title="bbox 205 224 1463 313; baseline -0.004 -20"><span class='ocrx_word' id='word_1_6' title='bbox 205 224 502 295; x_wconf 47' lang='lat' dir='ltr'>etdi&#39;crota</span> <span class='ocrx_word' id='word_1_7' title='bbox 538 236 1001 313; x_wconf 79' lang='lat' dir='ltr'>Mitylenaeorum</span> <span class='ocrx_word' id='word_1_8' title='bbox 1030 234 1314 305; x_wconf 85' lang='lat' dir='ltr'>habebam,</span> <span class='ocrx_word' id='word_1_9' title='bbox 1354 245 1411 292; x_wconf 89' lang='lat' dir='ltr'>et</span> <span class='ocrx_word' id='word_1_10' title='bbox 1455 245 1463 250; x_wconf 82' lang='lat'>·</span> 
     </span>
     <span class='ocr_line' id='line_1_3' title="bbox 207 318 1412 400; baseline -0.002 -21"><span class='ocrx_word' id='word_1_11' title='bbox 207 322 426 400; x_wconf 82' lang='lat' dir='ltr'>aliquid</span> <span class='ocrx_word' id='word_1_12' title='bbox 457 329 687 379; x_wconf 63' lang='grc' dir='ltr'><strong><em>ἔπίκωπον.</em></strong></span> <span class='ocrx_word' id='word_1_13' title='bbox 745 322 810 379; x_wconf 87' lang='lat' dir='ltr'>de</span> <span class='ocrx_word' id='word_1_14' title='bbox 829 322 1041 379; x_wconf 84' lang='lat' dir='ltr'>Parthis</span> <span class='ocrx_word' id='word_1_15' title='bbox 1064 334 1181 377; x_wconf 85' lang='lat' dir='ltr'>erat</span> <span class='ocrx_word' id='word_1_16' title='bbox 1208 318 1412 377; x_wconf 83' lang='lat' dir='ltr'>filenti·</span> 
     </span>
     <span class='ocr_line' id='line_1_4' title="bbox 143 406 1411 487; baseline -0.001 -23"><span class='ocrx_word' id='word_1_17' title='bbox 143 480 152 487; x_wconf 25' lang='grc' dir='ltr'>ι</span> <span class='ocrx_word' id='word_1_18' title='bbox 205 426 328 465; x_wconf 86' lang='lat' dir='ltr'>um.</span> <span class='ocrx_word' id='word_1_19' title='bbox 377 407 526 484; x_wconf 91' lang='lat' dir='ltr'>quod</span> <span class='ocrx_word' id='word_1_20' title='bbox 544 406 791 485; x_wconf 87' lang='lat' dir='ltr'>superest,</span> <span class='ocrx_word' id='word_1_21' title='bbox 825 406 901 465; x_wconf 90' lang='lat' dir='ltr'>dii</span> <span class='ocrx_word' id='word_1_22' title='bbox 920 408 1141 482; x_wconf 86' lang='lat' dir='ltr'>juvent.</span> <span class='ocrx_word' id='word_1_23' title='bbox 1188 425 1295 463; x_wconf 90' lang='lat' dir='ltr'>nos</span> <span class='ocrx_word' id='word_1_24' title='bbox 1314 406 1411 463; x_wconf 88' lang='lat' dir='ltr'>ad-</span> 
     </span>
     <span class='ocr_line' id='line_1_5' title="bbox 204 486 1416 570; baseline 0 -21"><span class='ocrx_word' id='word_1_25' title='bbox 204 494 326 561; x_wconf 70' lang='lat' dir='ltr'>hue</span> <span class='ocrx_word' id='word_1_26' title='bbox 341 494 447 550; x_wconf 86' lang='lat' dir='ltr'>iter</span> <span class='ocrx_word' id='word_1_27' title='bbox 471 486 564 570; x_wconf 60' lang='lat' dir='ltr'>p&#39;er</span> <span class='ocrx_word' id='word_1_28' title='bbox 579 495 862 550; x_wconf 82' lang='lat' dir='ltr'>Graeciam</span> <span class='ocrx_word' id='word_1_29' title='bbox 883 491 1083 549; x_wconf 87' lang='lat' dir='ltr'>summa</span> <span class='ocrx_word' id='word_1_30' title='bbox 1097 511 1221 550; x_wconf 87' lang='lat' dir='ltr'>cum</span> <span class='ocrx_word' id='word_1_31' title='bbox 1236 490 1379 550; x_wconf 86' lang='lat' dir='ltr'>admi</span> <span class='ocrx_word' id='word_1_32' title='bbox 1394 520 1416 537; x_wconf 89' lang='lat'><strong>·</strong></span> 
     </span>
     <span class='ocr_line' id='line_1_6' title="bbox 205 576 1407 650; baseline 0 -15"><span class='ocrx_word' id='word_1_33' title='bbox 205 581 438 637; x_wconf 76' lang='lat' dir='ltr'>ratione</span> <span class='ocrx_word' id='word_1_34' title='bbox 453 578 678 636; x_wconf 82' lang='lat' dir='ltr'><strong>fecimus</strong></span> <span class='ocrx_word' id='word_1_35' title='bbox 693 600 713 635; x_wconf 69' lang='grc' dir='ltr'><em>τ</em></span> <span class='ocrx_word' id='word_1_36' title='bbox 745 599 848 637; x_wconf 90' lang='lat' dir='ltr'>nec</span> <span class='ocrx_word' id='word_1_37' title='bbox 888 576 1191 636; x_wconf 86' lang='lat' dir='ltr'>mehercule</span> <span class='ocrx_word' id='word_1_38' title='bbox 1210 578 1407 650; x_wconf 86' lang='lat' dir='ltr'>habe0,</span> 
     </span>
     <span class='ocr_line' id='line_1_7' title="bbox 206 661 1429 741; baseline 0 -20"><span class='ocrx_word' id='word_1_39' title='bbox 206 663 363 741; x_wconf 89' lang='lat' dir='ltr'>quod</span> <span class='ocrx_word' id='word_1_40' title='bbox 383 664 555 722; x_wconf 85' lang='lat' dir='ltr'>adhuc</span> <span class='ocrx_word' id='word_1_41' title='bbox 573 684 734 741; x_wconf 80' lang='lat' dir='ltr'>quem</span> <span class='ocrx_word' id='word_1_42' title='bbox 745 661 985 722; x_wconf 85' lang='lat' dir='ltr'>accusem</span> <span class='ocrx_word' id='word_1_43' title='bbox 1002 683 1270 721; x_wconf 82' lang='lat' dir='ltr'>meorum.</span> <span class='ocrx_word' id='word_1_44' title='bbox 1318 666 1408 721; x_wconf 89' lang='lat' dir='ltr'>vi·</span> <span class='ocrx_word' id='word_1_45' title='bbox 1424 682 1429 687; x_wconf 87' lang='lat'><strong>·</strong></span> 
     </span>
     <span class='ocr_line' id='line_1_8' title="bbox 205 748 1403 824; baseline 0 -18"><span class='ocrx_word' id='word_1_46' title='bbox 205 749 409 808; x_wconf 88' lang='lat' dir='ltr'>dentur</span> <span class='ocrx_word' id='word_1_47' title='bbox 425 752 557 809; x_wconf 86' lang='lat' dir='ltr'>mihi</span> <span class='ocrx_word' id='word_1_48' title='bbox 575 749 724 809; x_wconf 74' lang='lat' dir='ltr'>nosse</span> <span class='ocrx_word' id='word_1_49' title='bbox 745 770 876 823; x_wconf 75' lang='lat' dir='ltr'>noa,</span> <span class='ocrx_word' id='word_1_50' title='bbox 910 748 1149 808; x_wconf 87' lang='lat' dir='ltr'>nostram</span> <span class='ocrx_word' id='word_1_51' title='bbox 1166 748 1403 824; x_wconf 84' lang='lat' dir='ltr'>causam,</span> 
     </span>
     <span class='ocr_line' id='line_1_9' title="bbox 205 835 1403 914; baseline 0.002 -23"><span class='ocrx_word' id='word_1_52' title='bbox 205 850 265 891; x_wconf 84' lang='lat' dir='ltr'>et</span> <span class='ocrx_word' id='word_1_53' title='bbox 287 836 662 894; x_wconf 84' lang='lat' dir='ltr'>conditionem</span> <span class='ocrx_word' id='word_1_54' title='bbox 689 836 1047 914; x_wconf 66' lang='lat' dir='ltr'>profeeiionis</span> <span class='ocrx_word' id='word_1_55' title='bbox 1077 836 1219 895; x_wconf 83' lang='lat' dir='ltr'>suae:</span> <span class='ocrx_word' id='word_1_56' title='bbox 1238 835 1403 914; x_wconf 83' lang='lat' dir='ltr'>plane</span> 
     </span>
     <span class='ocr_line' id='line_1_10' title="bbox 207 917 1401 999; baseline 0.003 -24"><span class='ocrx_word' id='word_1_57' title='bbox 207 917 454 980; x_wconf 81' lang='lat' dir='ltr'>serviunt</span> <span class='ocrx_word' id='word_1_58' title='bbox 467 920 854 979; x_wconf 85' lang='lat' dir='ltr'>existimationi</span> <span class='ocrx_word' id='word_1_59' title='bbox 869 942 1037 979; x_wconf 87' lang='lat' dir='ltr'>meae.</span> <span class='ocrx_word' id='word_1_60' title='bbox 1056 921 1205 998; x_wconf 88' lang='lat' dir='ltr'>quod</span> <span class='ocrx_word' id='word_1_61' title='bbox 1216 919 1401 999; x_wconf 86' lang='lat' dir='ltr'>super-</span> 
     </span>
     <span class='ocr_line' id='line_1_11' title="bbox 207 1004 1399 1087; baseline 0.002 -24"><span class='ocrx_word' id='word_1_62' title='bbox 207 1005 306 1078; x_wconf 78' lang='lat' dir='ltr'>est,</span> <span class='ocrx_word' id='word_1_63' title='bbox 347 1004 391 1063; x_wconf 86' lang='lat' dir='ltr'><strong>fi</strong></span> <span class='ocrx_word' id='word_1_64' title='bbox 419 1026 610 1064; x_wconf 83' lang='lat' dir='ltr'>verum</span> <span class='ocrx_word' id='word_1_65' title='bbox 639 1006 775 1063; x_wconf 81' lang='lat' dir='ltr'>lllud</span> <span class='ocrx_word' id='word_1_66' title='bbox 796 1005 893 1078; x_wconf 81' lang='lat' dir='ltr'>est,</span> <span class='ocrx_word' id='word_1_67' title='bbox 922 1014 1007 1087; x_wconf 52' lang='grc' dir='ltr'>οἷοι</span> <span class='ocrx_word' id='word_1_68' title='bbox 1048 1018 1095 1075; x_wconf 76' lang='grc' dir='ltr'>γ’</span> <span class='ocrx_word' id='word_1_69' title='bbox 1122 1012 1399 1082; x_wconf 43' lang='lat' dir='ltr'>›isio-vrowa,</span> 
     </span>
     <span class='ocr_line' id='line_1_12' title="bbox 208 1092 1397 1171; baseline -0.001 -21"><span class='ocrx_word' id='word_1_70' title='bbox 208 1107 356 1150; x_wconf 86' lang='lat' dir='ltr'>certe</span> <span class='ocrx_word' id='word_1_71' title='bbox 369 1093 787 1171; x_wconf 85' lang='lat' dir='ltr'>permanebunt:</span> <span class='ocrx_word' id='word_1_72' title='bbox 821 1092 957 1149; x_wconf 86' lang='lat' dir='ltr'>nihil</span> <span class='ocrx_word' id='word_1_73' title='bbox 977 1093 1125 1150; x_wconf 83' lang='lat' dir='ltr'>enim</span> <span class='ocrx_word' id='word_1_74' title='bbox 1152 1112 1183 1149; x_wconf 92' lang='lat' dir='ltr'>a</span> <span class='ocrx_word' id='word_1_75' title='bbox 1212 1112 1299 1149; x_wconf 87' lang='lat' dir='ltr'>me</span> <span class='ocrx_word' id='word_1_76' title='bbox 1330 1092 1397 1149; x_wconf 84' lang='lat' dir='ltr'>fi-</span> 
     </span>
     <span class='ocr_line' id='line_1_13' title="bbox 207 1172 1393 1257; baseline 0.002 -22"><span class='ocrx_word' id='word_1_77' title='bbox 207 1179 287 1235; x_wconf 80' lang='lat' dir='ltr'>eri</span> <span class='ocrx_word' id='word_1_78' title='bbox 314 1179 391 1236; x_wconf 87' lang='lat' dir='ltr'>ita</span> <span class='ocrx_word' id='word_1_79' title='bbox 413 1177 704 1253; x_wconf 86' lang='lat' dir='ltr'>videbunt,</span> <span class='ocrx_word' id='word_1_80' title='bbox 730 1193 792 1237; x_wconf 88' lang='lat' dir='ltr'>ut</span> <span class='ocrx_word' id='word_1_81' title='bbox 821 1172 915 1237; x_wconf 83' lang='lat' dir='ltr'>fibi</span> <span class='ocrx_word' id='word_1_82' title='bbox 944 1177 1007 1236; x_wconf 83' lang='lat' dir='ltr'>fit</span> <span class='ocrx_word' id='word_1_83' title='bbox 1038 1178 1393 1257; x_wconf 87' lang='lat' dir='ltr'>delinquendi</span> 
     </span>
     <span class='ocr_line' id='line_1_14' title="bbox 205 1262 1423 1343; baseline 0.002 -22"><span class='ocrx_word' id='word_1_84' title='bbox 205 1262 382 1322; x_wconf 78' lang='lat' dir='ltr'>locus,</span> <span class='ocrx_word' id='word_1_85' title='bbox 429 1263 506 1323; x_wconf 84' lang='lat' dir='ltr'>fin</span> <span class='ocrx_word' id='word_1_86' title='bbox 531 1264 588 1322; x_wconf 90' lang='lat' dir='ltr'>id</span> <span class='ocrx_word' id='word_1_87' title='bbox 623 1284 810 1343; x_wconf 85' lang='lat' dir='ltr'>parum</span> <span class='ocrx_word' id='word_1_88' title='bbox 845 1264 1133 1343; x_wconf 84' lang='lat' dir='ltr'>profuerit,</span> <span class='ocrx_word' id='word_1_89' title='bbox 1170 1264 1265 1322; x_wconf 88' lang='lat' dir='ltr'>fiet</span> <span class='ocrx_word' id='word_1_90' title='bbox 1292 1264 1423 1323; x_wconf 83' lang='lat' dir='ltr'>ali-.</span> 
     </span>
     <span class='ocr_line' id='line_1_15' title="bbox 205 1350 1400 1427; baseline 0.003 -21"><span class='ocrx_word' id='word_1_91' title='bbox 205 1350 336 1427; x_wconf 86' lang='lat' dir='ltr'>quid</span> <span class='ocrx_word' id='word_1_92' title='bbox 355 1372 386 1408; x_wconf 87' lang='lat' dir='ltr'>a</span> <span class='ocrx_word' id='word_1_93' title='bbox 409 1352 570 1408; x_wconf 87' lang='lat' dir='ltr'>nobis</span> <span class='ocrx_word' id='word_1_94' title='bbox 601 1350 859 1409; x_wconf 82' lang='lat' dir='ltr'>severius.</span> <span class='ocrx_word' id='word_1_95' title='bbox 906 1371 1031 1409; x_wconf 87' lang='lat' dir='ltr'>nam</span> <span class='ocrx_word' id='word_1_96' title='bbox 1048 1352 1223 1409; x_wconf 88' lang='lat' dir='ltr'>adhuc</span> <span class='ocrx_word' id='word_1_97' title='bbox 1252 1352 1363 1409; x_wconf 85' lang='lat' dir='ltr'>leni</span> <span class='ocrx_word' id='word_1_98' title='bbox 1378 1376 1400 1389; x_wconf 79' lang='lat'><strong>·</strong></span> 
     </span>
     <span class='ocr_line' id='line_1_16' title="bbox 203 1435 1423 1515; baseline 0.004 -24"><span class='ocrx_word' id='word_1_99' title='bbox 203 1449 315 1492; x_wconf 86' lang='lat' dir='ltr'>tate</span> <span class='ocrx_word' id='word_1_100' title='bbox 327 1436 514 1494; x_wconf 84' lang='lat' dir='ltr'>dulces</span> <span class='ocrx_word' id='word_1_101' title='bbox 545 1435 748 1507; x_wconf 82' lang='lat' dir='ltr'>sumus;</span> <span class='ocrx_word' id='word_1_102' title='bbox 775 1452 852 1509; x_wconf 87' lang='lat' dir='ltr'>et,</span> <span class='ocrx_word' id='word_1_103' title='bbox 884 1450 945 1493; x_wconf 85' lang='lat' dir='ltr'>ut</span> <span class='ocrx_word' id='word_1_104' title='bbox 970 1436 1147 1515; x_wconf 82' lang='lat' dir='ltr'>spem,</span> <span class='ocrx_word' id='word_1_105' title='bbox 1172 1435 1389 1514; x_wconf 82' lang='lat' dir='ltr'>profici·</span> <span class='ocrx_word' id='word_1_106' title='bbox 1414 1476 1423 1485; x_wconf 84' lang='lat'>-</span> 
     </span>
     <span class='ocr_line' id='line_1_17' title="bbox 203 1519 1394 1599; baseline 0.003 -23"><span class='ocrx_word' id='word_1_107' title='bbox 203 1540 326 1577; x_wconf 87' lang='lat' dir='ltr'>mus</span> <span class='ocrx_word' id='word_1_108' title='bbox 343 1520 704 1597; x_wconf 82' lang='lat' dir='ltr'>aliquantum.</span> <span class='ocrx_word' id='word_1_109' title='bbox 731 1519 817 1578; x_wconf 91' lang='lat' dir='ltr'>sed</span> <span class='ocrx_word' id='word_1_110' title='bbox 833 1540 938 1595; x_wconf 85' lang='lat' dir='ltr'>ego</span> <span class='ocrx_word' id='word_1_111' title='bbox 958 1526 1122 1594; x_wconf 85' lang='lat' dir='ltr'>hanc,</span> <span class='ocrx_word' id='word_1_112' title='bbox 1136 1536 1198 1579; x_wconf 87' lang='lat' dir='ltr'>ut</span> <span class='ocrx_word' id='word_1_113' title='bbox 1214 1522 1394 1599; x_wconf 82' lang='lat' dir='ltr'>fingu-</span> 
     </span>
     <span class='ocr_line' id='line_1_18' title="bbox 203 1604 1421 1679; baseline 0.006 -19"><span class='ocrx_word' id='word_1_114' title='bbox 203 1604 244 1661; x_wconf 82' lang='lat' dir='ltr'>li</span> <span class='ocrx_word' id='word_1_115' title='bbox 260 1604 472 1679; x_wconf 87' lang='lat' dir='ltr'>dicunt,</span> <span class='ocrx_word' id='word_1_116' title='bbox 489 1613 658 1673; x_wconf 67' lang='grc' dir='ltr'>ἁνεξιάν</span> <span class='ocrx_word' id='word_1_117' title='bbox 677 1609 736 1663; x_wconf 88' lang='lat' dir='ltr'>in</span> <span class='ocrx_word' id='word_1_118' title='bbox 748 1625 919 1663; x_wconf 86' lang='lat' dir='ltr'>unum</span> <span class='ocrx_word' id='word_1_119' title='bbox 935 1628 1141 1665; x_wconf 86' lang='lat' dir='ltr'>annum</span> <span class='ocrx_word' id='word_1_120' title='bbox 1157 1608 1390 1667; x_wconf 86' lang='lat' dir='ltr'>medita·-</span> <span class='ocrx_word' id='word_1_121' title='bbox 1416 1608 1421 1615; x_wconf 79' lang='grc'>’</span> 
     </span>
     <span class='ocr_line' id='line_1_19' title="bbox 204 1688 1391 1771; baseline 0.004 -24"><span class='ocrx_word' id='word_1_122' title='bbox 204 1704 291 1747; x_wconf 88' lang='lat' dir='ltr'>tus</span> <span class='ocrx_word' id='word_1_123' title='bbox 307 1688 442 1749; x_wconf 86' lang='lat' dir='ltr'>sum:</span> <span class='ocrx_word' id='word_1_124' title='bbox 466 1691 698 1770; x_wconf 85' lang='lat' dir='ltr'>proinde</span> <span class='ocrx_word' id='word_1_125' title='bbox 717 1710 917 1771; x_wconf 86' lang='lat' dir='ltr'>pugna,</span> <span class='ocrx_word' id='word_1_126' title='bbox 938 1692 1091 1767; x_wconf 85' lang='lat' dir='ltr'>ne‚-fi</span> <span class='ocrx_word' id='word_1_127' title='bbox 1107 1694 1241 1771; x_wconf 80' lang='lat' dir='ltr'>qnid</span> <span class='ocrx_word' id='word_1_128' title='bbox 1256 1714 1391 1771; x_wconf 89' lang='lat' dir='ltr'>pro·</span> 
     </span>
     <span class='ocr_line' id='line_1_20' title="bbox 202 1776 1387 1854; baseline 0.005 -21"><span class='ocrx_word' id='word_1_129' title='bbox 202 1791 452 1850; x_wconf 88' lang='lat' dir='ltr'>rogatum</span> <span class='ocrx_word' id='word_1_130' title='bbox 481 1776 565 1851; x_wconf 84' lang='lat' dir='ltr'>fit,</span> <span class='ocrx_word' id='word_1_131' title='bbox 604 1778 778 1854; x_wconf 78' lang='lat' dir='ltr'>turpis</span> <span class='ocrx_word' id='word_1_132' title='bbox 811 1779 1081 1837; x_wconf 81' lang='lat' dir='ltr'>inveniar.</span> <span class='ocrx_word' id='word_1_133' title='bbox 1130 1800 1280 1837; x_wconf 85' lang='lat' dir='ltr'>nunc</span> <span class='ocrx_word' id='word_1_134' title='bbox 1301 1800 1387 1839; x_wconf 87' lang='lat' dir='ltr'>re·</span> 
     </span>
     <span class='ocr_line' id='line_1_21' title="bbox 199 1860 1384 1945; baseline 0.005 -26"><span class='ocrx_word' id='word_1_135' title='bbox 199 1860 302 1920; x_wconf 87' lang='lat' dir='ltr'>deo</span> <span class='ocrx_word' id='word_1_136' title='bbox 325 1864 390 1921; x_wconf 90' lang='lat' dir='ltr'>ad</span> <span class='ocrx_word' id='word_1_137' title='bbox 408 1884 546 1941; x_wconf 88' lang='lat' dir='ltr'>quae</span> <span class='ocrx_word' id='word_1_138' title='bbox 570 1865 704 1921; x_wconf 84' lang='lat' dir='ltr'>mihi</span> <span class='ocrx_word' id='word_1_139' title='bbox 719 1864 965 1922; x_wconf 78' lang='lat' dir='ltr'>mandas,</span> <span class='ocrx_word' id='word_1_140' title='bbox 1014 1867 1074 1923; x_wconf 87' lang='lat' dir='ltr'>in</span> <span class='ocrx_word' id='word_1_141' title='bbox 1104 1867 1384 1945; x_wconf 73' lang='lat' dir='ltr'>praefeffls</span> 
     </span>
     <span class='ocr_line' id='line_1_22' title="bbox 197 1946 1385 2028; baseline 0.006 -23"><span class='ocrx_word' id='word_1_142' title='bbox 197 1946 492 2010; x_wconf 84' lang='lat' dir='ltr'>excusatio:</span> <span class='ocrx_word' id='word_1_143' title='bbox 532 1952 621 2024; x_wconf 84' lang='lat' dir='ltr'>iis,</span> <span class='ocrx_word' id='word_1_144' title='bbox 638 1970 780 2028; x_wconf 86' lang='lat' dir='ltr'>quos</span> <span class='ocrx_word' id='word_1_145' title='bbox 797 1950 972 2024; x_wconf 85' lang='lat' dir='ltr'>voles,</span> <span class='ocrx_word' id='word_1_146' title='bbox 993 1950 1223 2011; x_wconf 82' lang='lat' dir='ltr'>deserto:</span> <span class='ocrx_word' id='word_1_147' title='bbox 1260 1974 1385 2011; x_wconf 86' lang='lat' dir='ltr'>non</span> 
     </span>
     <span class='ocr_line' id='line_1_23' title="bbox 199 2038 1381 2116; baseline 0.006 -25"><span class='ocrx_word' id='word_1_148' title='bbox 199 2054 292 2091; x_wconf 84' lang='lat' dir='ltr'>ero</span> <span class='ocrx_word' id='word_1_149' title='bbox 329 2050 438 2093; x_wconf 86' lang='lat' dir='ltr'>tam</span> <span class='ocrx_word' id='word_1_150' title='bbox 461 2042 685 2109; x_wconf 78' lang='grc' dir='ltr'><strong><em>μετέωρος,</em></strong></span> <span class='ocrx_word' id='word_1_151' title='bbox 717 2056 883 2114; x_wconf 87' lang='lat' dir='ltr'>quarn</span> <span class='ocrx_word' id='word_1_152' title='bbox 915 2040 973 2094; x_wconf 88' lang='lat' dir='ltr'>in</span> <span class='ocrx_word' id='word_1_153' title='bbox 1006 2038 1241 2116; x_wconf 85' lang='lat' dir='ltr'>Apuleio</span> <span class='ocrx_word' id='word_1_154' title='bbox 1280 2038 1381 2098; x_wconf 85' lang='lat' dir='ltr'>fui.</span> 
     </span>
     <span class='ocr_line' id='line_1_24' title="bbox 199 2122 1385 2201; baseline 0.005 -25"><span class='ocrx_word' id='word_1_155' title='bbox 199 2127 486 2178; x_wconf 88' lang='lat' dir='ltr'>Xenonem</span> <span class='ocrx_word' id='word_1_156' title='bbox 501 2136 612 2179; x_wconf 88' lang='lat' dir='ltr'>tam</span> <span class='ocrx_word' id='word_1_157' title='bbox 637 2122 832 2197; x_wconf 84' lang='lat' dir='ltr'>diligo,</span> <span class='ocrx_word' id='word_1_158' title='bbox 851 2143 1015 2199; x_wconf 88' lang='lat' dir='ltr'>quam</span> <span class='ocrx_word' id='word_1_159' title='bbox 1032 2139 1117 2179; x_wconf 79' lang='lat' dir='ltr'>tu:</span> <span class='ocrx_word' id='word_1_160' title='bbox 1134 2124 1281 2200; x_wconf 88' lang='lat' dir='ltr'>quod</span> <span class='ocrx_word' id='word_1_161' title='bbox 1299 2127 1385 2201; x_wconf 90' lang='lat' dir='ltr'>ip·</span> 
     </span>
     <span class='ocr_line' id='line_1_25' title="bbox 200 2202 1385 2285; baseline 0.005 -25"><span class='ocrx_word' id='word_1_162' title='bbox 200 2202 311 2261; x_wconf 88' lang='lat' dir='ltr'>sum</span> <span class='ocrx_word' id='word_1_163' title='bbox 326 2203 520 2263; x_wconf 80' lang='lat' dir='ltr'>sentire</span> <span class='ocrx_word' id='word_1_164' title='bbox 534 2222 686 2265; x_wconf 88' lang='lat' dir='ltr'>certo</span> <span class='ocrx_word' id='word_1_165' title='bbox 711 2205 842 2266; x_wconf 75' lang='lat' dir='ltr'>scio,</span> <span class='ocrx_word' id='word_1_166' title='bbox 892 2207 1045 2285; x_wconf 83' lang='lat' dir='ltr'>apud.</span> <span class='ocrx_word' id='word_1_167' title='bbox 1058 2215 1385 2282; x_wconf 84' lang='lat' dir='ltr'>Patronem,</span> 
     </span>
     <span class='ocr_line' id='line_1_26' title="bbox 201 2289 1385 2371; baseline 0.006 -26"><span class='ocrx_word' id='word_1_168' title='bbox 201 2304 252 2345; x_wconf 90' lang='lat' dir='ltr'>et</span> <span class='ocrx_word' id='word_1_169' title='bbox 269 2289 503 2369; x_wconf 82' lang='lat' dir='ltr'>reliquos</span> <span class='ocrx_word' id='word_1_170' title='bbox 525 2294 756 2350; x_wconf 85' lang='lat' dir='ltr'>barones</span> <span class='ocrx_word' id='word_1_171' title='bbox 793 2307 846 2349; x_wconf 89' lang='lat' dir='ltr'>te</span> <span class='ocrx_word' id='word_1_172' title='bbox 860 2294 921 2349; x_wconf 85' lang='lat' dir='ltr'>in</span> <span class='ocrx_word' id='word_1_173' title='bbox 958 2294 1193 2351; x_wconf 78' lang='lat' dir='ltr'>maxima</span> <span class='ocrx_word' id='word_1_174' title='bbox 1206 2296 1385 2371; x_wconf 76' lang='lat' dir='ltr'>gratia</span> 
     </span>
     <span class='ocr_line' id='line_1_27' title="bbox 201 2372 1383 2453; baseline 0.007 -22"><span class='ocrx_word' id='word_1_175' title='bbox 201 2372 370 2453; x_wconf 91' lang='lat' dir='ltr'>posui,</span> <span class='ocrx_word' id='word_1_176' title='bbox 401 2392 456 2434; x_wconf 91' lang='lat' dir='ltr'>et</span> <span class='ocrx_word' id='word_1_177' title='bbox 485 2377 700 2435; x_wconf 85' lang='lat' dir='ltr'>hercule</span> <span class='ocrx_word' id='word_1_178' title='bbox 717 2380 921 2449; x_wconf 46' lang='lat' dir='ltr'>,merito</span> <span class='ocrx_word' id='word_1_179' title='bbox 950 2393 1049 2435; x_wconf 90' lang='lat' dir='ltr'>tuo</span> <span class='ocrx_word' id='word_1_180' title='bbox 1082 2378 1203 2438; x_wconf 90' lang='lat' dir='ltr'>feci.</span> <span class='ocrx_word' id='word_1_181' title='bbox 1253 2401 1383 2439; x_wconf 82' lang='lat' dir='ltr'>nam</span> 
     </span>
     <span class='ocr_line' id='line_1_28' title="bbox 201 2462 1439 2545; baseline 0.006 -26"><span class='ocrx_word' id='word_1_182' title='bbox 201 2462 328 2520; x_wconf 85' lang='lat' dir='ltr'>mihi</span> <span class='ocrx_word' id='word_1_183' title='bbox 340 2464 386 2522; x_wconf 88' lang='lat' dir='ltr'>is</span> <span class='ocrx_word' id='word_1_184' title='bbox 406 2479 504 2542; x_wconf 82' lang='lat' dir='ltr'>ter,</span> <span class='ocrx_word' id='word_1_185' title='bbox 523 2464 686 2537; x_wconf 82' lang='lat' dir='ltr'>dixit,</span> <span class='ocrx_word' id='word_1_186' title='bbox 714 2479 767 2521; x_wconf 89' lang='lat' dir='ltr'>te</span> <span class='ocrx_word' id='word_1_187' title='bbox 785 2462 1031 2545; x_wconf 79' lang='lat' dir='ltr'>scripfiffe</span> <span class='ocrx_word' id='word_1_188' title='bbox 1054 2465 1121 2527; x_wconf 89' lang='lat' dir='ltr'>ad</span> <span class='ocrx_word' id='word_1_189' title='bbox 1146 2464 1219 2542; x_wconf 88' lang='lat' dir='ltr'>se,</span> <span class='ocrx_word' id='word_1_190' title='bbox 1249 2468 1383 2527; x_wconf 81' lang='lat' dir='ltr'>mihi</span> <span class='ocrx_word' id='word_1_191' title='bbox 1432 2512 1439 2517; x_wconf 78' lang='lat'><strong>·</strong></span> 
     </span>
    </p>
   </div>
  </div>
 </body>
</html>
