1734 3067
283 170 335 223 A
356 170 413 222 D
438 166 880 224 ATTICUM
913 168 1036 223 Lm.
1060 169 1194 223 VII.
1235 182 1344 243 3¹3

146 266 349 346 dignos
372 266 497 327 iilac
526 260 724 342 facere,
746 284 972 325 onmem
1004 266 1118 325 fere
1144 266 1348 343 juven-

108 419 115 425 ,
146 368 344 427 tutem,
372 373 595 415 omnem
613 352 763 411 illam
791 355 1055 412 urbanam
1087 374 1151 413 ac
1168 354 1349 432 perdi-

147 454 257 499 tam
289 439 523 521 piebem,
539 442 831 498 Tribunos
851 438 1126 514 valentes»,
1155 439 1348 499 addito

148 532 217 586 C.
244 526 445 602 Cassio,
480 546 699 599 omnes,
720 526 824 605 'qui
856 544 979 583 aere
1009 525 1194 585 aileno
1223 545 1350 605 pre·

147 630 390 687 mantnt-3
410 630 559 693 quos
574 613 755 691 pl’utes
766 609 875 671 effie
890 610 1158 691 intelligo,
1180 627 1350 691 quam

148 716 420 778 putaram.
467 697 683 761 causam
718 696 894 758 solum
917 696 1015 757 illa
1045 696 1205 757 causa
1226 718 1349 759 non

148 788 333 859 habet3
360 787 589 847 caeteris
621 787 779 845 rebus
796 784 1062 843 abundat.
1107 788 1202 845 hic
1223 804 1348 845 om·

148 874 243 931 nia
259 872 436 933 facere
450 890 671 944 omnes,
706 892 776 931 ne
802 871 973 929 armis
997 869 1345 945 deoernatun

148 978 387 1039 quorum
411 960 595 1017 exitus
616 955 823 1036 semper
841 956 1064 1030 incerti,
1085 976 1234 1017 nunc
1249 978 1349 1016 ve·

149 1064 217 1103 ro
240 1047 301 1104 in
326 1044 549 1104 alteram
566 1058 777 1123 partem
794 1043 966 1118 magis
982 1044 1235 1104 timendi.
1253 1046 1346 1103 Bi-

148 1130 313 1191 bulus
328 1130 395 1190 de
425 1132 719 1211 provincia
740 1128 1348 1203 deeeffit‚veientonem

151 1215 429 1298 praefecit.
474 1219 537 1276 in
562 1216 876 1277 decedendo
905 1218 1033 1291 erit,
1063 1231 1126 1275 ut
1157 1218 1346 1294 audio,

149 1302 382 1363 tardior:
408 1320 573 1383 quem
590 1322 720 1363 cum
742 1302 966 1363 ornavit
987 1308 1158 1381 Cato,
1172 1303 1347 1365 decla-

148 1392 293 1449 raev’tt
329 1391 399 1449 iis
430 1388 485 1449 se
522 1388 649 1449 solis
674 1410 795 1449 non
824 1390 1098 1465 invidere,
1137 1393 1342 1468 quibus

147 1475 311 1550 nihil,
351 1491 445 1535 aut
482 1496 603 1535 non
638 1476 874 1535 multum
909 1476 977 1535 ad
1013 1476 1344 1553 dignitatem

145 1561 321 1643 posset
341 1562 617 1623 accedere.
664 1580 817 1621 nunc
830 1563 998 1622 venio
1011 1563 1081 1620 ad
1104 1563 1342 1640 privata:

144 1646 259 1708 fere
276 1651 425 1709 enim
440 1646 696 1729 respondi
717 1649 826 1707 tuis
842 1647 1016 1708 literis
1037 1648 1105 1708 de
1123 1650 1342 1729 Repub-

142 1732 273 1807 fica,
300 1737 469 1811 etiis,
505 1752 643 1814 quas
672 1738 733 1793 in
775 1731 1111 1810 suburbano,
1155 1750 1211 1793 et
1247 1736 1344 1811 iis,

144 1840 285 1901 quas
316 1821 501 1901 postea
522 1818 787 1901 scripsisti:
816 1820 887 1880 ad
909 1822 1126 1904 priyata
1144 1824 1335 1883 venio.

141 1926 316 1967 unum
336 1910 500 1968 etiam
516 1908 585 1967 de
608 1907 825 1968 Caelio,
872 1923 1088 1967 tantum
1109 1908 1251 1969 abest
1275 1926 1340 1970 ut

140 2008 317 2053 meam
348 1992 439 2051 ille
460 1992 783 2055 sententiam
814 2010 1055 2069 moveat,
1086 2011 1150 2054 ut
1179 1996 1338 2057 valde

138 2098 253 2156 ego
270 2078 386 2156 ipfi,
402 2080 553 2159 quod
566 2080 635 2139 de
647 2078 741 2139 sua
755 2077 1021 2139 sententia
1033 2079 1336 2157 decesserit,

137 2166 539 2244 poenitendum
562 2181 768 2245 putem.
796 2164 886 2225 sed
912 2167 1045 2245 quid
1059 2166 1153 2238 est,
1178 2171 1334 2245 quod

134 2254 191 2313 ei
220 2252 331 2311 vici
354 2254 573 2312 Lucceii
594 2250 700 2311 fint
716 2252 940 2312 addieti?
975 2256 1083 2311 hoc
1111 2268 1161 2311 te
1178 2276 1332 2331 prae-

133 2336 411 2398 termififfe
438 2340 631 2399 miror.
648 2339 716 2399 de
730 2339 1032 2401 Philotimo
1055 2339 1246 2401 faciam
1271 2364 1330 2404 e-

132 2424 383 2503 quidem,
398 2439 463 2484 ut
484 2445 703 2499 mones,
750 2426 839 2487 sed
856 2449 960 2506 ego
983 2431 1116 2488 mihi
1143 2434 1209 2489 ab
1228 2432 1328 2488 illo

128 2515 241 2572 hoc
258 2525 508 2591 tempore
538 2533 656 2573 non
681 2516 930 2575 rationes
957 2520 1326 2596 expefftabam,

710 2608 761 2658 Ο
