1734 3067
310 192 417 246 ‚54
615 170 1268 228 prs‘romnmt

304 263 393 324 sed
420 283 569 342 quae
589 265 835 324 cavenda
856 266 1086 340 fuerint,
1117 283 1174 324 et
1189 287 1304 344 quo
1321 264 1547 337 modo,

310 366 369 410 te
386 371 507 410 non
522 351 687 427 fugit.
734 347 966 412 alterum
989 369 1154 432 caput
1171 352 1244 411 est
1267 353 1552 411 tralatiti-

310 457 405 496 um
422 437 489 496 de
505 439 855 516 impunitate,
875 439 909 497 fi
929 439 1062 517 quid
1076 455 1276 497 contra
1299 439 1442 497 alias
1465 441 1548 498 le-

312 543 406 599 ges
430 525 549 599 ejus
568 523 705 602 legis
722 545 853 600 ergo
868 525 1068 584 fadum
1087 525 1170 584 fit.
1197 527 1428 583 tertium
1445 549 1548 584 ca-

316 627 439 689 put,
458 612 530 667 mi
551 613 851 688 Pomponi,
871 631 984 690 quo
1001 611 1254 684 confilio,
1285 626 1342 668 et
1367 633 1400 668 a
1421 633 1554 690 quo

314 695 381 755 fit
396 697 731 754 inculcatum
754 696 906 755 vide.
957 695 1058 754 scis
1075 700 1224 756 enim
1267 697 1550 756 Clodium

319 779 575 855 sanxisse,
600 798 663 840 ut
691 783 813 855 vix,
832 801 926 841 aut
950 785 1188 852 omnino
1207 805 1330 842 non
1360 782 1550 862 poss'et

319 885 425 928 nec
450 887 547 946 per
566 875 845 941 Senatum,
862 888 964 927 nec
976 889 1071 948 per
1089 869 1360 948 populum
1377 869 1546 934 infir·

320 957 459 1014 mari
482 951 571 1012 sua
586 953 699 1012 Iex.
720 953 807 1012 sed
832 955 986 1014 vides
1005 977 1290 1034 nunquam
1313 955 1418 1014 effe
1433 957 1544 1014 ob-

320 1039 561 1100 servatas
583 1039 890 1100 sanstiones
921 1059 1104 1100 earum
1145 1043 1352 1118 legum,
1393 1062 1542 1120 quae

320 1129 738 1204 obrogat-entur.
784 1123 1041 1186 namfiid
1055 1121 1206 1202 efflet,
1237 1127 1391 1186 nulla
1423 1127 1542 1186 fere

322 1215 577 1290 abrogari
592 1213 767 1291 peffet
780 1235 797 1272 ε
810 1233 992 1291 neque
1007 1215 1158 1272 euim
1173 1215 1284 1274 ulla
1293 1213 1540 1292 est,quae

325 1316 445 1359 non
470 1298 581 1378 ipsa
603 1297 653 1357 se
677 1298 843 1378 sepiat
873 1298 1192 1360 difficultate
1219 1302 1534 1376 abrogatio-

326 1385 439 1444 nis:
461 1383 573 1461 sed,
591 1405 717 1444 cum
739 1384 831 1445 lex
850 1387 1168 1464 abrogatur,
1200 1381 1534 1466 illudjpsum

325 1473 647 1549 abrogatur,
680 1491 799 1550 quo
815 1493 936 1532 non
953 1493 1070 1531 eam
1089 1474 1342 1550 abrogari
1357 1493 1529 1552 opor·

326 1571 460 1618 teat.
510 1561 769 1618 boccum
792 1579 984 1618 revera
1015 1561 1091 1618 ita
1127 1557 1216 1632 fit;
1247 1579 1372 1619 cum
1395 1556 1528 1618 sem·

206 1727 214 1734 .
327 1663 429 1723 per
445 1645 521 1702 ita
543 1645 787 1704 habitum
812 1642 1268 1724 observatumque
1291 1644 1378 1718 fit,
1401 1649 1526 1704 οέἲο

328 1729 501 1788 nostri
532 1733 777 1790 Tribuni
814 1729 986 1810 plebis
1027 1745 1194 1811 caput
1231 1730 1526 1811 posuerunt

329 1820 461 1876 hoen
494 1815 514 1848 ‘
546 1815 581 1875 fi
598 1817 731 1896 quid
746 1818 805 1876 in
822 1821 922 1876 hac
949 1819 1244 1895 rogatione
1275 1816 1526 1898 scriptum

330 1903 357 1934 ‘
382 1902 479 1978 est,
520 1903 672 1984 quod
702 1921 798 1982 per
840 1905 1013 1980 legen,
1035 1901 1272 1983 plebisve
1295 1902 1522 1978 sci'tum,’

334 1991 443 2050 hoc
460 1985 557 2066 est,
572 1989 723 2069 quod
740 2009 836 2069 per
864 1989 1038 2068 legem
1057 1989 1334 2063 Clodiam,
1353 1989 1373 2022 ‘
1402 2009 1526 2069 pro-

334 2077 363 2110 ‘
390 2076 503 2135 mul
507 2095 632 2154 gare.
636 2119 655 2150 ‚
672 2077 958 2152 abrogare,
975 2075 1258 2154 derogare,
1269 2079 1524 2154 obrogare

332 2162 359 2209 ‘-
388 2170 441 2222 S.
461 2169 527 2221 F.
547 2161 639 2220 sua
662 2183 780 2220 non
798 2162 1102 2237 liceat‚n0n
1119 2160 1520 2240 licuerit3quod·

338 2249 359 2280 ‘
393 2269 461 2306 ve
483 2251 533 2306 ei
558 2250 653 2326 qui
686 2245 1086 2326 plomulgavit,
1111 2247 1518 2325 abrogavit„de·

333 2335 355 2366 ‘
386 2336 625 2409 rogavit,
641 2335 957 2410 obrogavit‚
981 2337 1054 2392 ob
1063 2353 1182 2393 eam
1202 2354 1314 2392 rem
1330 2353 1517 2413 poenae

334 2421 355 2448 ‘
389 2419 661 2474 multaeve
697 2415 785 2489 fit,
817 2421 887 2476 E.
915 2425 994 2478 H.
1023 2426 1092 2478 L.
1123 2425 1202 2479 N.
1230 2421 1327 2478 R.’
1369 2434 1516 2496 atque

332 2505 441 2561 hoc
470 2503 529 2558 in
556 2500 667 2560 inis
696 2503 968 2562 Tribunis
989 2505 1164 2584 plebis
1207 2523 1328 2566 non
1358 2503 1514 2566 laede·
