1734 3067
336 208 463 263 AD
491 204 934 262 A’r‘rmum
959 196 1081 261 Lm.
1101 206 1178 261 11.
1301 206 1374 275 ⁷⁷

176 314 235 359 te
258 319 422 378 quarn
438 296 799 381 proficiscare,
824 313 1093 374 amanter,
1127 313 1192 357 ut
1209 294 1380 375 soles,

174 385 581 464 diligenterque
617 383 902 445 conficias.
950 384 1186 445 Clodius
1221 404 1380 463 ergo,

172 487 241 531 ut
288 474 393 544 εἰς,
434 471 504 529 ad
537 470 874 547 Tigranem?
917 468 1084 531 velim
1130 466 1380 551 Syspirae

170 556 531 617 conditione:
557 553 650 616 sed
666 554 822 616 facile
839 558 1044 637 patior=
1063 576 1379 617 accommo-

168 642 361 703 datius
381 644 529 703 enim
559 644 723 701 nobis
752 642 823 701 est
848 641 918 701 ad
933 640 1154 701 liberam
1186 641 1382 720 legati-

168 748 345 788 onem
368 743 583 807 tempus
598 726 758 802 illud,
774 748 899 789 cum
915 742 969 787 et
987 729 1234 803 Quintus
1249 724 1382 789 nos·

170 830 264 873 ter·
277 813 422 892 jam,
438 829 499 872 ut
514 810 813 893 speramns,
827 815 888 873 in
908 816 1029 874 otio
1045 812 1378 889 consederit,

168 916 253 974 et,
270 898 369 958 iste
399 897 648 959 sacerdos
681 908 871 961 Bonae
885 900 1018 959 deae
1049 900 1206 979 eujus
1223 899 1380 960 modi

167 986 395 1049 futurus
412 984 497 1057 fit,
526 983 660 1046 scire
681 986 861 1065 possit.
907 988 1121 1047 interea
1155 986 1380 1064 quidem

168 1092 302 1131 cum
336 1070 504 1130 Mufis
534 1092 642 1131 nos
673 1072 1058 1133 delestabimus
1084 1074 1272 1133 animo
1288 1090 1380 1131 ae-

167 1166 317 1236 quo,
356 1158 525 1216 immo
542 1178 681 1217 vero
709 1160 874 1231 etiarn
897 1158 1181 1235 gaudenti,
1215 1178 1278 1215 ac
1308 1156 1380 1219 li-

166 1244 353 1303 beuti.
413 1264 593 1322 neque
631 1246 767 1303 mihi
804 1263 1050 1323 unquam
1095 1244 1282 1304 veniet
1313 1246 1381 1305 in

166 1343 417 1389 mentem
434 1328 619 1389 Craffo
644 1328 914 1404 invidere,
926 1349 1106 1408 neque
1128 1331 1381 1410 poenite·

166 1436 255 1491 re,
296 1414 449 1493 quod
472 1437 501 1473 a
520 1436 605 1474 me
630 1413 741 1495 ipse
764 1432 886 1475 non
925 1414 1262 1476 desciverim.
1310 1415 1381 1476 de

166 1494 505 1579 geographia
526 1501 670 1561 dabo
702 1522 923 1580 operam
947 1518 1008 1561 ut
1031 1502 1132 1560 tibi
1167 1499 1380 1561 satisfa-

166 1590 337 1646 ciam:
375 1586 460 1645 sed
476 1588 613 1645 nihil
630 1590 765 1647 certi
780 1587 1070 1665 polliceor.
1117 1608 1379 1665 magnum

168 1693 319 1753 opus
336 1672 433 1745 est3
453 1670 541 1731 sed
560 1688 768 1748 tamen,
784 1688 848 1731 ut
862 1674 1284 1751 jube3,.curabo
1315 1689 1378 1735 ut

164 1760 335 1835 hujus
374 1761 835 1839 peregrinationis
859 1759 1084 1839 aliquod
1114 1762 1212 1819 tibi
1235 1780 1379 1841 opus

166 1860 346 1904 extet.
397 1845 742 1923 tuquidquid
760 1844 1036 1923 indagaris
1059 1844 1128 1905 de
1154 1840 1378 1924 Repub-

164 1930 355 2005 lica‚et
372 1932 605 1989 maxime
614 1950 758 2009 quos
774 1930 1040 1991 Consules
1049 1930 1268 1995 futuros
1275 1953 1386 2015 pua

166 2030 278 2089 tes,
308 2014 477 2074 facito
508 2033 573 2075 ut
596 2015 777 2077 sciam:
814 2015 1022 2077 tametfi
1050 2019 1234 2077 minus
1266 2004 1390 2091 sunt*

167 2099 444 2163 curiosus.
491 2101 649 2161 statui
678 2106 825 2162 enim
866 2104 1005 2162 nihil
1029 2100 1148 2179 jam
1175 2104 1245 2163 de
1269 2092 1388 2165 Rea}-

166 2186 395 2267 publiea
410 2190 671 2265 cogitare.
704 2190 1006 2249 Terentiae
1024 2186 1214 2249 saltum
1251 2183 1392 2271 per-‘5

169 2270 479 2351 speximus:
529 2272 664 2353 quid
693 2276 938 2353 quaeris?
972 2290 1185 2353 praeter
1216 2288 1390 2355 queri

168 2378 301 2419 cum
320 2356 685 2417 Dodonaeam
719 2360 857 2419 nihil
875 2358 1250 2435 desideramus,
1265 2354 1390 2439 quoi

170 2444 363 2503 minus
382 2444 609 2521 Epirum
625 2442 790 2524 ipsam
803 2436 1396 2527 poffiderevideamun.³3

172 2546 284 2589 nos
298 2529 516 2589 circiter
528 2528 643 2591 kal.
662 2547 758 2589 aut
772 2534 833 2590 in
846 2533 1386 2620 Formianoerimuaj
