1734 3067
358 169 466 241 ¹58
664 165 1316 226 EPISTOLARUM

348 259 627 322 secuturos
646 261 815 330 fuiffe3
852 264 1046 320 invitis
1069 262 1346 320 Tribunis
1377 259 1574 340 plebis

348 347 465 406 fieri
497 347 655 406 null'o
678 348 847 406 modo
873 351 1076 426 potuit.
1125 350 1202 406 ita
1243 368 1476 420 vereor,
1497 369 1572 405 ne

346 451 403 490 et
421 432 588 492 studia
616 435 1004 492 Tribunorum
1035 433 1399 492 amiserimus:
1419 451 1506 507 et,
1527 431 1570 491 fi

344 517 518 577 studia
542 536 825 595 maneant,
840 519 1084 580 vinclum
1095 518 1224 578 illud
1243 519 1568 596 adjungen-

346 603 547 664 dorum
566 605 867 664 Consulum
893 605 1138 666 amissum
1151 604 1236 664 fit.
1263 607 1485 664 accedit
1503 627 1565 663 a·

314 694 318 700 ’
346 689 459 751 liud
493 713 611 750 non
644 711 874 770 parvum
901 692 1312 751 incommodum
1334 733 1353 766 ,
1396 692 1561 770 quod

346 779 533 853 gravis
550 778 643 836 illa
658 780 878 856 opinio,
893 795 956 836 ut
973 778 1192 857 quidem
1207 778 1276 836 ad
1299 799 1409 836 nos
1425 799 1562 858 per-

347 862 641 938 ferebatur,
659 871 916 922 Senatum
937 864 1376 922 nihildecernere
1390 881 1558 922 ante-

348 969 515 1028 quam
547 951 613 1008 de
642 952 805 1009 nobis
844 955 1023 1009 aetum
1053 949 1204 1023 effet,
1238 947 1426 1008 amissa
1449 951 1552 1022 est;

347 1033 660 1115 praesertim
691 1037 751 1094 in
780 1057 845 1094 ea
860 1035 1039 1110 causa,
1070 1055 1207 1113 quae
1237 1057 1358 1094 non
1375 1037 1554 1095 modo

347 1121 636 1181 neceffaria
667 1121 930 1198 nonfuit,
969 1121 1238 1180 sedetiam
1267 1120 1550 1196 inusitata,

347 1228 413 1266 ac
436 1229 605 1268 nova.
654 1229 835 1286 neque
858 1211 1010 1268 enim
1029 1228 1270 1286 unquam
1305 1209 1550 1268 arbitror

346 1309 571 1354 ornatas
586 1293 687 1354 effi:
702 1297 1014 1373 provincias
1029 1291 1548 1370 defignatorumtut,

347 1401 471 1440 cum
491 1383 549 1438 in
565 1383 673 1440 hoc
692 1381 785 1438 illa
806 1381 1284 1462 constantia‚quae
1295 1395 1413 1439 erat
1427 1401 1546 1440 mea

348 1465 507 1526 causa
536 1465 805 1545 suscepta,·
820 1469 1131 1526 -imminuta
1149 1466 1234 1541 fit,
1263 1467 1404 1525 nihil
1426 1469 1542 1544 jam

348 1553 506 1631 poffit
522 1573 637 1611 non
654 1552 893 1613 decerni.
936 1553 1054 1630 jam
1078 1555 1186 1626 his,
1207 1553 1273 1612 ad
1289 1573 1430 1630 quos
1456 1575 1539 1612 re·

348 1639 516 1697 latum
540 1637 633 1711 est,
666 1640 856 1697 amicis
891 1637 1168 1718 placuisse,
1197 1659 1317 1696 non
1341 1642 1536 1700 mirum

348 1723 447 1783 fit:
480 1739 597 1782 erat
610 1727 761 1782 enim
782 1725 999 1784 difficile
1013 1727 1270 1802 reperire,
1289 1727 1384 1803 qui
1407 1747 1536 1784 con·

348 1825 437 1870 tra
463 1825 621 1868 tanta
650 1811 944 1869 commoda
981 1811 1216 1870 duorum
1257 1811 1534 1872 consulum

347 1897 529 1977 palam
544 1895 872 1955 sententiam
907 1896 1133 1956 diceret.
1181 1897 1288 1955 fuit
1307 1901 1532 1956 omnino

349 1982 569 2042 difficile
588 2003 707 2041 non
735 1981 962 2061 obsequi
982 1983 1072 2042 vel
1099 1983 1407 2042 amiciffimo
1433 1987 1530 2042 ho-

348 2071 485 2130 mini
517 2069 789 2142 Lentule,
818 2069 910 2127 vel
949 2067 1194 2142 Mete110,
1237 2073 1334 2148 qui
1364 2069 1530 2132 sunu!-

348 2171 515 2214 tatem
538 2155 908 2214 humanissime
936 2156 1252 2232 deponeret.
1311 2156 1400 2216 sed
1437 2177 1526 2215 ve·

348 2261 472 2300 reor
502 2263 573 2300 ne
604 2245 705 2299 bos
737 2258 922 2299 tamen
953 2257 1136 2298 tenere
1178 2246 1524 2320 potuerImuS,

346 2328 639 2384 Tribunos
677 2327 849 2402 plebis
888 2325 1242 2386 amiserimus,
1289 2331 1418 2386 haec
1445 2349 1522 2386 res

344 2410 802 2485 quemadmodum
818 2412 1092 2483 ceciderit,
1110 2428 1168 2468 et
1187 2427 1304 2470 tota
1321 2432 1404 2472 res
1421 2435 1522 2492 quo

343 2493 473 2552 loco
508 2491 593 2568 fit,
624 2493 791 2552 velim
816 2495 884 2554 ad
912 2515 1002 2558 me
1026 2495 1220 2558 scribas
1229 2521 1250 2572 3
1283 2515 1336 2558 et
1365 2501 1438 2558 ita
1464 2517 1517 2558 ut
