1734 3067
272 186 443 239 -Ao
470 184 900 240 ATTICUM
930 186 1182 238 L1n.1v.
1259 190 1366 255 ¹95

160 288 225 340 'V
228 284 383 355 arro,
400 280 469 340 dc
492 301 607 359 quo
624 279 691 337 ad
722 300 808 337 me
828 279 1036 352 scribis,
1057 278 1368 339 includetur

160 369 227 426 in
247 368 489 445 aliquem
506 368 709 439 locum,
728 362 765 423 fi
788 366 958 424 modo
974 367 1077 424 erit
1093 362 1368 425 locus.sed

161 452 311 512 nosti
345 473 521 529 genus
545 450 894 527 dialogorum
916 472 1184 510 meorum:
1219 466 1281 509 ut
1301 453 1368 510 in

158 539 450 612 oratoriis,
487 558 629 616 quos
664 554 720 593 tu
748 539 803 594 in
829 538 1040 595 coelum
1071 537 1204 609 fers,
1245 558 1368 597 non

160 626 377 683 mentio
400 624 585 704 potuit
598 621 715 680 fieri
738 621 1056 700 cujusquam
1073 626 1139 681 ab
1161 624 1253 697 iis,
1269 626 1369 702 qui

162 708 466 789 disputant,
496 708 595 768 nifi
626 709 769 785 ejus,
792 710 889 787 qui
912 708 1021 767 illis
1054 725 1245 783 notus,
1269 726 1370 769 aut

160 797 385 855 auditus
396 794 688 855 effet.hanc
698 794 878 872 egode
894 794 1190 873 Republica
1201 814 1370 873 quam

160 881 372 941 institui
388 879 813 961 disputationem
829 882 889 939 in
915 879 1162 940 Africani
1180 878 1366 960 perso-

160 984 383 1043 nam,et
406 967 567 1040 Phili,
582 983 640 1025 et
653 967 847 1039 Laelii,
866 982 921 1025 et
942 966 1155 1025 Manilii
1165 980 1386 1029 contu·.

158 1054 223 1114 li.
238 1054 476 1131 adjunxi
492 1052 858 1111 adolescentes
885 1060 962 1127 Q.
985 1054 1368 1125 Tuberonem,

160 1147 226 1202 P.
248 1138 537 1213 Rutilium,
572 1138 712 1197 duos
730 1136 900 1197 Laelii
922 1156 1178 1217 generoS,
1206 1148 1367 1198 Scae-

157 1225 375 1299 volam,
404 1241 457 1283 et
480 1226 775 1283 Fannium.
822 1226 1008 1303 itaque
1030 1224 1362 1299 cogitabam,

158 1314 431 1391 quoniam
452 1312 513 1369 in
528 1307 749 1387 lingulis
763 1310 918 1368 libris
935 1325 1063 1368 utor
1085 1314 1367 1389 prooemi-

158 1400 235 1472 is,
262 1412 325 1456 Ut
343 1404 609 1471 Α’ριςοτέλης
631 1399 691 1454 in
716 1397 805 1470 ils,
820 1416 965 1475 qUOS
983 1404 1232 1470 ἷξωτερικῦς
1257 1417 1365 1457 VO-

158 1500 273 1556 cat,
312 1482 518 1561 aliquid
548 1482 785 1554 efficere,
810 1499 871 1539 ut
905 1502 1024 1539 non
1069 1480 1180 1540 fine
1203 1480 1364 1541 causa

157 1568 317 1627 istum
348 1569 693 1647 appellarem:
721 1567 776 1625 id
804 1568 957 1645 quod
980 1566 1232 1645 intelligo
1261 1570 1364 1627 tibi

157 1656 396 1734 placere.
458 1658 667 1713 utinam
709 1654 878 1712 modo
917 1670 1116 1713 conata
1152 1652 1364 1721 efficere

156 1741 378 1821 poffim.
422 1760 535 1799 rem
562 1743 735 1813 enirn,
766 1740 919 1817 quod
951 1756 1006 1798 te
1043 1760 1163 1799 non
1194 1738 1362 1817 fugit,

156 1846 412 1902 magnam
436 1825 757 1905 complexus
788 1824 902 1883 sum
933 1841 988 1884 et
1019 1846 1265 1902 gravem,
1303 1842 1362 1883 et

158 1913 487 1992 plurimiotii
496 1954 513 1984 ,
530 1932 649 1990 quo.
662 1932 767 1987 ego
790 1916 1030 1971 maxime
1045 1910 1358 1991 egeo.quod

158 2002 219 2057 in
244 2000 309 2055 iis
324 1996 503 2073 libris,
518 2018 659 2077 quos
676 1998 888 2072 laudas,
923 1994 1208 2077 personam
1225 1998 1357 2057 defi-

156 2085 314 2144 deras
338 2082 650 2155 Scaevolae,
684 2104 801 2142 non
818 2106 937 2143 earn
961 2099 1161 2142 temere
1175 2083 1356 2142 dimo-

156 2172 237 2229 vi:
278 2168 368 2226 sed
383 2170 487 2229 feci
510 2169 677 2243 idem,
710 2172 861 2248 quod
893 2172 952 2229 in
977 2180 1188 2243 «πολιτείᾳ
1215 2170 1355 2228 deus

150 2256 245 2315 ille
270 2254 448 2313 noster
473 2254 651 2314 Plato.
699 2278 824 2315 curn
848 2260 906 2314 in
948 2258 1221 2314 Piraeeum
1249 2263 1351 2315 So-

149 2357 327 2401 crates
350 2340 578 2401 veniss'et
602 2342 667 2399 ad
687 2343 1006 2422 Cephalum,
1023 2340 1356 2419 locupletem·

150 2442 205 2485 et
227 2426 475 2485 festivum
490 2426 693 2500 sene1n3
714 2428 898 2506 quoad
911 2430 1118 2509 primus
1137 2428 1223 2485 ille
1239 2423 1348 2485 ser-

149 2515 568 2593 mohaberetur,
578 2513 723 2574 adest
736 2517 795 2572 in
812 2512 1140 2597 disputando
1157 2510 1340 2573 senex:

698 2608 725 2661 I
777 2620 807 2663 2
