1734 3067
286 172 408 225 AD
435 167 868 225 ATTICUM
896 168 1017 223 Lm.
1044 169 1204 224 vm.
1250 165 1357 242 363

168 284 386 349 quanta
415 266 479 327 fit
519 266 720 325 clades,
769 286 826 324 es
851 267 999 324 enim
1022 268 1185 325 etiam
1211 288 1361 325 nunc

163 356 326 431 domi
357 370 508 413 tuae.
535 350 625 411 sed
647 354 840 411 invitis
871 352 1228 431 perditissim'is
1259 356 1362 411 bo·

166 442 416 503 minibus
459 438 562 499 esse
607 437 812 497 diutius
853 458 971 497 non
1017 454 1195 516 potes..
1257 442 1367 497 hoc

167 524 457 599 miserius,
504 527 612 583 hoc
643 526 860 603 turpius
890 524 1219 602 quidquam?
1266 544 1364 581 va·

167 630 362 690 gamul·
393 625 610 688 egentes
635 631 760 669 cum
781 611 1114 686 conjugibus
1143 624 1199 667 et
1231 609 1367 669 libe-

169 701 248 757 ris
268 720 287 755 v2
335 698 396 755 in
433 698 599 755 unius
629 696 897 768 hominia,
928 698 1232 773 quotannis
1270 714 1365 774 pe·

169 781 402 843 riculose
418 784 780 859 aegrotanti8‚
803 783 988 839 anima
1011 780 1211 859 positas
1242 802 1366 839 om·

167 890 272 929 nes
297 866 506 927 nostras
524 866 640 946 spes
665 869 963 937 habemus;
998 886 1117 924 non
1138 866 1367 945 expulfi,

167 954 262 1015 sed
285 956 500 1013 evocati
521 972 552 1010 e
573 955 770 1030 patria,
805 972 975 1029 quam
1002 972 1121 1010 non
1146 950 1365 1012 servan·-

164 1042 299 1101 dam
331 1040 400 1099 ad
439 1038 671 1097 reditum
711 1036 993 1109 nostrum,
1039 1036 1131 1097 sed
1174 1038 1369 1118 diripi-

165 1126 372 1186 endam
387 1141 444 1184 et
457 1123 903 1183 inflammandam
920 1124 1258 1201 reliquimus.
1320 1126 1370 1183 i·

173 1228 232 1271 ta
269 1212 428 1271 multi
449 1208 732 1270 nobiscum
753 1208 985 1284 sunt,n
948 1230 1066 1269 non
1090 1212 1156 1270 in
1182 1209 1370 1269 subur-

173 1298 360 1371 banis,
383 1317 499 1356 non
523 1299 581 1355 in
611 1297 815 1370 hortis„
839 1316 958 1354 non
984 1298 1042 1354 in
1066 1295 1179 1376 ipsa
1200 1299 1359 1356 urbet

173 1400 252 1456 et,
268 1382 308 1441 fi
331 1404 482 1441 nunc
503 1382 649 1454 sunt,
673 1402 791 1439 non
807 1396 992 1441 erunt.
1040 1402 1145 1440 nos
1162 1385 1370 1441 interea

173 1490 246 1528 ne
271 1476 488 1547 Capuae
511 1467 752 1547 quidem,
789 1465 881 1525 sed
906 1470 1185 1526 Luceriae:
1222 1483 1279 1526 et
1301 1489 1367 1526 ο-

173 1576 292 1615 ram
331 1553 550 1633 quidem
582 1554 909 1612 maritimam
938 1554 1055 1629 jam
1092 1553 1367 1631 relinque·

173 1660 324 1712 mus;
353 1640 642 1698 Afranium
657 1640 1083 1717 expetstabimus‚
1098 1656 1151 1697 et
1168 1642 1371 1698 Petrei-

173 1746 292 1785 um.
354 1746 482 1785 nam
505 1726 562 1783 in
591 1725 836 1783 Labieno
857 1744 1049 1803 parum
1078 1724 1155 1784 est
1191 1725 1371 1804 digni—

177 1814 332 1871 tatis.
380 1814 471 1869 hic
497 1826 556 1869 tu
578 1813 636 1869 in
655 1830 742 1869 me
759 1810 917 1868 illud:
944 1810 1093 1884 ‘de-s,
1116 1812 1171 1871 id
1187 1811 1371 1871 feras)

181 1897 322 1957 nihil
351 1896 418 1955 de
433 1916 520 1955 me
535 1896 686 1956 dico:
713 1896 804 1955 alii
825 1896 1089 1956 viderint.
1136 1901 1229 1956 hic
1252 1900 1375 1976 qui-

171 1983 304 2043 dem
328 2002 468 2061 quae
483 1980 582 2041 est?
603 1981 753 2040 dorni
767 1982 973 2041 vestrae
986 1982 1132 2058 estis,
1150 2000 1205 2041 et
1220 1987 1371 2044 eritis

177 2088 374 2127 omnes
397 2070 552 2127 boni.
603 2069 726 2145 quis
758 2082 873 2127 tum
905 2067 955 2125 se
984 2069 1117 2125 mihi
1142 2090 1259 2128 non
1282 2070 1373 2128 os·

177 2154 387 2213 tendit?
411 2155 535 2232 quis
569 2172 718 2209 nunc
735 2153 877 2211 adest
898 2156 1005 2213 hoc
1020 2154 1193 2214 bello?
1228 2155 1298 2213 fic
1314 2178 1370 2214 e-

175 2243 296 2300 nim
330 2240 446 2315 jam
481 2238 860 2316 appellandum
889 2239 983 2297 est.
1032 2240 1259 2297 Vibullii
1286 2262 1371 2301 tes

172 2324 354 2405 gestae
373 2322 498 2383 sunt
511 2323 686 2383 adhuc
701 2326 989 2383 maximae.
1046 2325 1099 2383 id
1116 2346 1186 2383 ex
1204 2333 1370 2385 Pom·

175 2413 290 2493 peii
307 2411 480 2469 literis
494 2410 816 2484 cognoscem
835 2414 893 2468 in
918 2412 1113 2488 quibus
1128 2412 1369 2469 animadss
1388 2470 1403 2485 ,

176 2498 392 2559 vertito
404 2495 558 2557 illum
571 2495 776 2567 locum,
799 2498 891 2555 ubi
916 2498 1020 2555 erit
1040 2510 1199 2561 sanat
1218 2496 1371 2557 vide·

667 2589 803 2657 (22
