1734 3067
322 162 1171 222 ADAT‘rmUMmev.
1261 176 1360 233 ιρι

164 257 247 333 di,
271 277 337 317 ac
360 256 551 316 multis
566 256 790 336 quidem
806 256 880 316 de
893 258 1054 316 rebus
1071 262 1368 329 ἤμερόκεγδον

164 341 465 423 perscripta
486 345 695 402 omnia=
714 341 827 416 sed,
852 359 916 403 ut
943 343 1210 420 conjicio,
1227 363 1370 421 quo·

164 432 321 495 niam
336 431 472 487 mihi
488 449 607 487 non
628 428 828 488 videris
852 432 917 488 in
947 430 1122 508 Epiro
1136 429 1226 487 diu
1244 426 1372 489 suis·

168 514 249 589 se,
266 514 505 574 redditas
530 516 631 573 tibi
648 535 765 573 non
791 516 1050 575 arbitror:
1083 534 1258 592 genus
1276 536 1372 575 au·

170 618 285 661 tem
306 620 571 676 mearum,
584 600 653 659 ad
666 612 723 658 te
738 602 984 679 quidem,
1013 601 1292 661 literarum
1321 622 1375 661 e-

165 682 415 767 jusmodi
440 686 557 745 fere
578 685 675 761 est,
697 700 758 745 ut
776 708 895 747 non
925 687 1093 747 libeat
1117 688 1375 766 cuiquam

170 774 327 847 dare,
344 770 443 833 nifi
456 770 528 832 de
547 792 661 853 quo
682 773 1033 853 exploratum
1057 770 1120 832 fit
1135 776 1237 833 tibi
1251 794 1377 834 eum

173 860 540 921 redditurum.
589 880 741 918 nunc
759 864 1038 920 Romanas
1057 880 1142 918 res
1167 862 1375 941 accipe.

174 968 231 1007 a.
252 946 310 1005 d.
336 964 448 1005 111.
474 966 614 1005 non.
640 946 844 1020 Quint.
889 944 1117 1005 Sufenas
1148 960 1204 1004 et
1231 951 1380 1007 Cato

174 1030 435 1093 absoluti:
450 1030 717 1091 Procilius
734 1031 1157 1092 condemnatus.
1175 1053 1248 1091 ex
1263 1052 1379 1111 quo

176 1117 518 1178 intellefihlm
529 1116 625 1193 est,
642 1126 1073 1194 rpzcoepcwaeoeya'roec
1091 1120 1381 1195 ambitum,

176 1204 827 1281 comitia‚interregnum‚
848 1203 1383 1283 majestatem,totam

180 1290 423 1370 denique
446 1290 853 1370 Rempublicam
868 1292 1027 1351 flocci
1043 1310 1163 1351 non
1184 1290 1383 1352 facere.

181 1376 445 1437 debemus
456 1392 664 1459 patrem
680 1376 916 1437 familias
929 1376 1082 1437 domi
1097 1376 1222 1436 suae
1236 1378 1386 1438 occi·

184 1462 319 1524 dere
342 1462 516 1537 nolle,
533 1482 715 1543 neque
734 1478 922 1523 tamen
942 1463 998 1522 id
1017 1461 1190 1543 ipsum
1211 1464 1385 1522 abun·

186 1550 279 1609 de:
304 1568 434 1609 nam
464 1547 815 1610 absolverunt
843 1570 1031 1609 xxm.
1050 1548 1388 1609 condemna-

186 1651 325 1695 runt
350 1654 393 1694 x
406 1654 448 1695 x
462 1654 561 1694 vn
577 1654 624 1695 1.
672 1636 896 1695 Publius
917 1635 1044 1695 sane
1057 1632 1258 1695 diserto
1272 1638 1360 1716 epi
1373 1665 1396 1683 -

190 1722 331 1801 logo
348 1722 651 1782 criminans
686 1736 900 1781 mentes
915 1722 1166 1799 judicum
1196 1741 1390 1782 move·
1428 1758 1433 1764 -

192 1824 302 1868 rat.
352 1807 623 1868 Hortalus
639 1810 698 1867 in
720 1828 784 1867 ea
798 1806 956 1868 causa
969 1808 1075 1867 fuit
1085 1807 1392 1886 cujusmodi

194 1892 355 1953 solet.
403 1914 512 1953 nos
534 1896 764 1953 verbum
781 1894 1015 1954 nullum.
1057 1896 1232 1955 verita
1246 1894 1322 1954 est
1335 1916 1392 1953 e·

194 1982 317 2060 nin}
340 1978 549 2060 pusilla,
582 2000 723 2059 quae
749 2000 901 2040 nunc
927 1982 1162 2056 laborat,
1179 2002 1250 2040 ne
1271 1983 1394 2040 ani·

194 2087 353 2127 mum
368 2068 425 2125 in
443 2066 639 2125 Publio
654 2065 981 2127 offenderet.
1021 2070 1107 2126 his
1124 2070 1283 2126 rebus
1307 2088 1397 2128 ac·

198 2154 277 2212 tis
302 2154 517 2211 Reatini
530 2173 617 2211 me
632 2152 701 2211 ad
716 2152 806 2212 sua
823 2159 970 2223 τέμη
992 2152 1295 2226 duxerunt,
1335 2168 1401 2212 ut

196 2258 414 2317 agerem
438 2238 649 2298 causam
680 2254 878 2298 contra
907 2245 1309 2299 Interamnates
1337 2258 1398 2298 a·

198 2323 317 2405 pud
343 2323 662 2406 Consulem,
692 2339 749 2383 et
768 2326 955 2384 decem
977 2324 1214 2402 legatos;
1249 2323 1402 2404 quod

196 2412 357 2469 lacus
374 2412 631 2485 Velinus,
647 2430 679 2467 a
694 2414 778 2469 M'
794 2413 968 2471 Curio
983 2408 1220 2485 emiffus,
1233 2413 1402 2469 inter·

192 2494 319 2558 tiso
342 2512 554 2574 monte,
572 2498 632 2557 in
651 2501 853 2557 Narem
875 2496 1085 2557 defluit.
1101 2516 1174 2556 ex
1189 2514 1304 2575 quo
1327 2491 1401 2553 est
