1734 3067
400 147 510 207 166
666 144 1320 201 EPISTOLARUM

390 264 451 305 re
474 240 725 303 familiari
748 238 908 299 valde
933 238 1203 313 sumus,ut
1225 238 1348 313 scis,
1379 256 1594 321 pertur-

386 331 519 391 bati.
546 344 825 408 praeterea
846 324 972 385 sunt
987 326 1254 405 quaedam
1274 327 1591 403 domestica,

388 437 529 496 quae
544 415 718 473 literis
736 432 854 471 non
871 414 1466 487 committo.Quintum
1483 414 1592 473 fia·

386 519 544 576 trem,
568 498 765 577 insigni
790 500 1018 578 pietate,
1039 500 1270 573 virtute,
1301 498 1410 557 fide
1434 520 1588 580 prae-

382 588 563 648 ditum
594 584 667 645 fic
680 605 831 659 amc,
854 600 918 643 ut
940 584 1132 643 debeo·
1179 599 1234 643 te
1255 592 1510 665 expe-elo,
1533 600 1589 645 et

386 694 490 733 oro
496 717 513 747 ‚
530 687 839 731 utmatures
854 672 1068 743 venire3
1089 690 1264 749 eoque
1279 673 1470 730 animo
1491 692 1587 731 ve-

382 762 529 834 niaS,
552 774 615 817 ut
636 778 723 817 me
740 773 837 815 tuo
860 756 1092 817 confilio
1105 776 1262 833 egere
1283 778 1404 816 non
1421 756 1583 818 fluas·

384 846 605 904 alterius
628 846 775 903 vitae
790 842 1071 922 quoddam
1080 844 1302 902 initium
1311 842 1582 905 ordimur.

327 951 334 955 ·
376 934 495 1009 jam
519 930 759 1011 quidam,
785 931 881 1008 qui
903 948 1010 987 nos
1045 927 1290 987 absentes
1325 929 1584 988 defende·
1729 967 1731 993 .

386 1034 537 1092 runt,
580 1018 853 1095 incipiunt
887 1011 1257 1095 praesentibus
1295 1014 1518 1075 occulte
1537 1018 1583 1074 i·
1722 1000 1732 1097 J

381 1103 477 1163 ras
468 1106 537 1175 ci;
565 1118 747 1183 aperte
764 1102 1029 1161 invidere.
1047 1104 1397 1161 vehementer
1420 1116 1476 1161 te
1497 1122 1579 1161 re·

381 1210 672 1271 qmnmus,

618 1382 686 1423 c1
707 1380 881 1421 enno
914 1378 1176 1421 Αττῐοο
1209 1380 1281 1421 SA
1298 1384 1359 1423 1..

462 1450 521 1507 si
545 1448 686 1508 forte
704 1451 876 1507 rarius
897 1448 1044 1507 tibia
1065 1464 1342 1525 me,quam
1361 1470 1390 1507 a
1404 1465 1584 1509 caete·
1607 1476 1630 1509 2

381 1536 482 1610 τῖε,
518 1535 708 1595 literae
733 1534 1068 1607 redduntur3
1096 1549 1228 1612 pcto
1267 1554 1300 1591 a
1323 1550 1399 1608 te,
1437 1552 1502 1593 ut
1524 1538 1584 1596 id

380 1640 499 1681 non
524 1620 689 1680 modo
702 1620 1066 1697 negligentiae
1085 1638 1259 1694 meae,
1283 1618 1369 1678 sed
1393 1641 1466 1679 ne
1481 1642 1583 1681 oc·

376 1710 660 1788 cupationi
684 1706 904 1785 quidem
921 1708 1148 1764 tribuas:
1167 1726 1308 1782 quae
1321 1706 1418 1765 etfi
1433 1706 1580 1766 sum-

378 1814 467 1852 ma
490 1792 583 1867 est,
600 1810 785 1852 tamen
812 1792 958 1850 nulla
982 1790 1084 1849 effe
1106 1791 1281 1870 potest
1309 1807 1490 1866 tanta,
1517 1808 1581 1851 ut

377 1882 739 1959 interrumpat
758 1880 861 1936 iter
885 1879 1086 1936 amoris
1111 1876 1302 1951 nostri,
1329 1894 1385 1937 et
1407 1879 1582 1937 officii

374 1968 503 2027 mei.
553 1986 679 2025 nam
692 1981 754 2023 ut
774 1966 906 2023 veni
931 1970 1185 2039 Romam,
1207 1964 1406 2023 iterum
1424 1986 1581 2026 nunc

374 2052 493 2113 sum
517 2054 718 2111 certior
740 2050 936 2125 fafius,
951 2050 1053 2108 ess'e
1068 2051 1154 2107 cui
1169 2050 1577 2111 daremliteras.

376 2142 565 2217 itaque
601 2142 697 2196 has
734 2138 930 2195 alteras
959 2136 1104 2196 dedi.
1160 2138 1436 2216 prioribus
1472 2140 1578 2197 tibi

374 2225 641 2284 declaravi
667 2224 936 2282 adventus
953 2223 1132 2281 noster
1171 2223 1345 2300 qualis
1369 2222 1576 2299 fuisset,

374 2325 429 2367 et
448 2314 569 2386 quis
583 2308 711 2365 effet
733 2306 863 2365 statu
873 2329 920 2380 S,
938 2324 1102 2386 atque
1119 2328 1310 2367 omnes
1334 2328 1420 2366 res
1437 2308 1572 2367 nos-

373 2410 491 2451 trae
512 2392 969 2468 quemadmodum
992 2392 1180 2466 essent,
1197 2407 1260 2449 ut
1291 2394 1349 2451 in
1368 2392 1567 2453 secun-

372 2476 460 2533 dis
484 2476 682 2550 fluxae,
706 2490 767 2533 ut
790 2477 850 2533 in
875 2476 1108 2537 adversis
1131 2484 1334 2537 bonae.
1364 2478 1488 2556 post
1504 2480 1574 2539 il-
