1734 3067
332 166 446 225 204
604 152 1258 209 EPISTOLARUM

328 248 479 319 bam,
500 246 791 307 recordans
808 246 1098 325 superioris
1116 264 1240 307 tuae
1255 246 1552 309 transmiss

332 330 501 391 sionis
512 332 775 403 sissfifflsed
792 333 894 391 nifi
903 334 1089 408 fallor,
1103 336 1265 393 citius
1282 350 1552 413 te‚quam

332 415 541 491 scribi8‚
580 418 798 478 videbo,
844 418 1010 478 credo
1039 421 1190 479 enim
1221 436 1274 478 te
1302 420 1556 499 putaffe,

334 518 459 561 tuas
482 504 733 563 mulieres
770 506 829 563 in
858 505 1058 584 Apulia
1073 504 1197 564 effe:
1224 506 1381 584 quod
1411 528 1554 566 cum

333 588 485 647 secus
508 593 634 663 erit,
666 590 799 668 quid
826 606 882 649 te
900 591 1102 670 Apulia
1115 593 1392 650 moretur?
1407 613 1552 650 nam

336 674 591 735 Vestorio
614 676 781 736 dandi
800 675 930 735 sunt
941 676 1083 751 dica,
1105 693 1160 735 et
1181 676 1274 736 ille
1295 680 1550 737 Latinus

336 771 597 830 ἀττικισμὸς
622 782 693 819 ex
706 762 1002 821 intervallo
1017 784 1146 839 regu
1153 760 1550 841 [landus-‚quin

335 863 397 906 tu
422 852 529 907 huc
552 847 799 921 advola,
836 864 893 906 et
918 847 1103 907 invisis
1140 848 1286 907 illius
1317 849 1550 909 nostrae

338 933 687 1013 Reipublicae
709 954 1020 1009 germanae.
1065 935 1256 1014 putavi
1287 933 1354 993 de
1371 956 1548 993 num-

336 1021 467 1093 mis„
490 1035 621 1077 ante
644 1020 872 1079 comitia
899 1022 1149 1079 tributim
1159 1040 1277 1079 uno
1297 1018 1432 1080 loco
1451 1020 1543 1079 di-

338 1104 465 1164 vifis
488 1105 691 1185 palam.
735 1104 864 1164 vide
889 1104 1194 1165 absolutum
1209 1106 1542 1164 Gabinium:

338 1190 499 1251 detur
529 1190 631 1249 effe
670 1188 990 1251 valiturum.
1017 1192 1084 1251 de
1109 1189 1347 1251 Messalla
1377 1191 1542 1269 quod

340 1280 580 1355 quaeris,
603 1278 737 1355 quid
752 1275 981 1337 scribam
997 1276 1202 1337 nescio.
1249 1296 1546 1354 nunquam

236 1386 243 1391 ·
338 1384 447 1441 ego
468 1364 582 1423 vidi
609 1380 720 1422 tam
744 1382 904 1441 pares
933 1363 1280 1423 candidatos.
1321 1360 1546 1421 Meffal-

338 1449 423 1509 lae
446 1452 633 1529 copias
658 1448 819 1508 nosti.
871 1457 1131 1509 Scaurum
1157 1450 1410 1507 Triarius
1451 1468 1548 1509 re-

340 1558 435 1596 um
458 1535 608 1596 fecit.
633 1533 674 1593 fi
696 1538 938 1613 quaeris,
961 1534 1110 1594 nulla
1135 1532 1210 1592 est
1233 1553 1548 1611 magnope-

341 1636 696 1683 recommota
732 1632 1015 1690 cumdem:
1054 1619 1144 1679 sed
1169 1635 1354 1679 tamen
1375 1622 1550 1679 habet

340 1708 603 1769 Aedilitas
621 1707 739 1782 ejus
764 1709 1085 1766 memoriam
1101 1726 1220 1765 non
1235 1708 1546 1783 ingratam

342 1812 397 1854 et
414 1792 483 1853 est
500 1793 719 1872 pondus
736 1794 880 1871 apud
903 1792 1130 1851 rusticos
1151 1794 1214 1849 iu
1231 1793 1402 1871 patris
1416 1812 1542 1849 me-

340 1882 535 1943 moria.
584 1878 775 1956 reliqui
801 1879 914 1938 duo
929 1878 1123 1958 plebeii
1135 1876 1205 1936 fic
1225 1896 1550 1956 exaequan-

343 1985 464 2041 tur,
503 1982 567 2023 ut
598 1962 880 2023 Do'mitius
917 1965 1098 2024 valeat
1136 1964 1358 2038 amicis,
1381 1962 1550 2038 adju-

341 2070 503 2113 vetur
542 2067 725 2109 tamen
768 2072 888 2109 non
931 2049 1221 2130 gratissimo
1267 2068 1496 2107 munere
1519 2071 1540 2120 3

340 2140 639 2199 Memmius
676 2134 920 2195 Caesaris
953 2133 1365 2195 commendetur
1394 2134 1544 2192 mili·

343 2228 513 2299 tibus,
528 2225 777 2301 Pompeii
794 2221 975 2281 Gallia
998 2223 1240 2283 nitatur:
1276 2222 1477 2298 quibus
1502 2219 1546 2277 fi

343 2332 461 2369 non
483 2310 737 2380 valuerit,
772 2322 970 2383 putant
993 2304 1125 2365 'fore
1147 2306 1407 2382 aliquem,
1443 2306 1546 2382 qui

342 2395 565 2453 comitia
609 2394 671 2447 in
716 2391 1015 2449 adventum
1063 2388 1305 2447 Caesaris
1349 2389 1540 2469 detru-

339 2476 435 2533 dat
451 2514 474 2548 ,
518 2480 734 2533 Catone
776 2472 1094 2554 praesertim
1131 2470 1408 2536 absoluto.
1469 2474 1542 2533 ab
