1734 3067
344 154 459 233 380
614 154 712 211 ΕΡ
730 153 1270 211 isToLARUM

579 356 835 399 menno
866 358 1128 399 Δττιοο
1157 359 1310 399 sar..

426 422 725 501 Dionysius
738 444 863 483 cum
879 424 945 484 ad
978 447 1066 485 me
1081 440 1302 505 praeter
1315 426 1538 506 opinio·

344 530 475 569 nem
490 530 667 571 meam
682 509 934 586 veniffet,
947 511 1168 571 locutus
1191 511 1314 571 sum
1336 533 1464 571 cum
1481 532 1547 571 eo

342 596 711 655 liberaliffimet
735 612 984 676 tempora
998 596 1246 677 exposuit
1263 600 1548 675 rogavi,ut

343 681 545 741 diceret
568 681 700 760 qnid
722 684 944 741 haberet
958 684 1019 741 in
1049 684 1261 742 animo:
1285 704 1375 741 me
1407 683 1547 741 nihil

341 769 409 827 ab
430 766 547 847 ipso
562 769 745 828 invito
760 768 1111 829 contendere.
1158 766 1547 846 respondit‚se,

340 852 492 931 quod
506 856 567 913 in
590 856 910 915 nominibus
925 857 1166 927 haberet,
1201 852 1412 913 nescire
1433 874 1546 932 quo

341 939 451 999 loci
466 936 781 1001 effen-alios„
802 960 922 1001 non
944 939 1189 1013 solvere‚.
1207 939 1450 999 aliorum
1463 941 1546 1000 di-

340 1046 425 1085 em
448 1026 699 1090 nondum
714 1026 839 1101 effe,
856 1026 1022 1087 dixit:
1057 1027 1224 1085 etiam
1241 1026 1352 1084 alia
1373 1045 1546 1105 quae·

340 1112 465 1171 dam
498 1111 565 1171 de
580 1110 803 1173 servulis
818 1111 956 1172 suisa
969 1131 1139 1191 quare
1160 1109 1454 1171 nobiscum
1467 1110 1548 1170 es-

342 1196 397 1255 se
426 1218 545 1257 non
558 1198 748 1277 posset.
798 1218 1010 1257 morem
1027 1197 1176 1275 geffit
1190 1196 1369 1257 dimifi
1383 1218 1417 1255 a
1437 1218 1549 1272 me,

342 1298 405 1341 ut
420 1283 731 1361 magistrum
750 1285 1108 1358 Ciceronum,
1121 1302 1243 1342 non
1263 1282 1545 1354 lubenter3

340 1382 405 1427 ut
418 1371 703 1430 hominem
727 1372 1030 1447 ingratum,
1047 1388 1170 1429 non
1185 1369 1401 1428 invitus
1411 1412 1426 1427 .
1441 1389 1550 1429 vo-

340 1454 425 1515 lui
444 1468 499 1514 te
526 1453 685 1534 scire,
714 1454 850 1537 quid
863 1474 970 1533 ego
981 1452 1046 1515 de
1068 1455 1188 1533 ejus
1219 1453 1376 1515 facto
1394 1454 1549 1532 judi-

342 1560 542 1601 carem.

558 1734 823 1778 emano
861 1732 1124 1776 arrico
1164 1734 1320 1776 SAL·

430 1801 601 1877 Quod
622 1822 710 1862 me
724 1822 932 1880 magno
955 1802 1122 1860 animi
1139 1814 1298 1859 motu
1321 1814 1545 1878 pert-ur·
1572 1796 1586 1830 ¹

342 1886 530 1946 batum
553 1902 739 1965 putas;
758 1886 873 1947 sum
891 1886 1166 1965 equidem,
1181 1885 1268 1946 sed
1285 1906 1409 1945 non
1433 1900 1549 1945 tam

342 1990 570 2049 mag-no,
596 1994 766 2052 quam
778 1975 879 2033 tibi
905 1971 1123 2031 fortaffe
1136 1972 1354 2032 videor.
1397 1972 1550 2031 leva-

341 2071 435 2123 tur
456 2060 601 2117 enim
618 2061 803 2119 omnis
837 2077 989 2132 cura,
1017 2078 1141 2117 eum
1179 2072 1276 2115 aut
1305 2055 1554 2117 confistit

342 2143 651 2219 confilium,
686 2161 781 2203 aut
810 2143 1113 2221 cogitando
1145 2141 1550 2221 nihilexpliea-

341 2244 455 2289 tur.
501 2230 785 2291 lamentari
800 2244 982 2289 autem
1001 2228 1153 2289 licet.
1199 2227 1336 2286 illud
1359 2242 1554 2287 tamen

343 2330 503 2373 totos
527 2314 667 2391 dies,
681 2336 893 2388 vereor,
911 2334 1002 2387 ne,
1025 2313 1164 2372 nihil
1179 2334 1304 2371 eum
1322 2312 1552 2390 profici·

352 2421 464 2473 am,
494 2404 659 2461 etiam
682 2401 934 2460 dedecori
967 2398 1032 2457 fit
1069 2398 1254 2457 studiis
1285 2418 1349 2457 ac
1370 2398 1552 2457 literis

347 2485 569 2547 nostris.
620 2485 884 2547 consumo
913 2487 1082 2565 igitur
1113 2504 1280 2545 omne
1295 2499 1555 2565 Jempnz,

1560 402 1600 441 10
