1734 3067
358 208 395 267 6
574 256 579 262 .
635 204 1296 263 EPISTOLARUM

278 344 287 355 ·
351 316 504 378 tent,
526 307 597 361 L.
616 302 869 361 Pontius.
916 321 1110 363 verum
1126 304 1232 363 hoc
1258 298 1558 361 ridicuium

278 450 286 455 ,
350 386 517 463 est,de
536 385 793 464 magistro
806 408 958 445 nunc
973 385 1324 465 cognoscere.
1338 388 1563 465 rogavit

352 495 445 534 me
460 474 755 547 Caecilius,
764 488 828 533 ut
842 471 1070 533 adessem
1085 488 1282 533 contra
1296 475 1556 533 Satrium.

350 560 469 619 dies
492 560 602 620 fere
624 558 809 619 nullus
824 558 919 634 est,
951 560 1088 638 quin
1112 562 1204 617 hic
1223 560 1430 618 Satrius
1453 558 1564 619 do·-

350 666 503 706 mum
518 666 696 705 meam
718 646 980 705 ventitet.
998 643 1248 704 observat
1266 652 1340 705 L.
1353 647 1559 704 Domi-

349 734 491 792 tium
506 733 775 793 maxime:
792 752 880 789 me
907 732 1073 789 habet
1088 733 1426 811 proximum.
1447 731 1560 791 fuit

347 833 408 877 et
430 819 587 893 mihi,
614 832 671 876 et
688 818 904 892 Quinto
927 816 1108 891 fratri,
1132 837 1337 894 magno
1361 814 1477 876 usui
1495 818 1559 877 iu

348 902 553 963 nostris
575 904 960 983 petitionibus·
996 902 1124 960 sane
1139 901 1254 963 sum
1269 905 1559 982 perturba-

349 1005 467 1064 tus,
492 1010 620 1049 cum
642 988 804 1069 ipsius
827 990 987 1061 Satrii
1009 987 1398 1064 familiaritate,
1439 1004 1564 1049 tum

346 1078 613 1151 Domitii,
652 1078 713 1134 in
744 1094 863 1154 quo
898 1095 1015 1134 uno
1043 1076 1284 1134 maxime
1328 1076 1566 1135 ambitio

350 1160 535 1221 nostra
560 1164 777 1221 nititur.
826 1158 1193 1220 demonstravi
1213 1164 1346 1220 haec
1365 1163 1559 1221 Caeci-

348 1250 462 1308 lioz
510 1247 751 1307 fimul-et
772 1245 910 1306 illud
940 1245 1174 1320 ostendi,
1205 1244 1245 1305 fi
1267 1245 1379 1325 ipse
1408 1266 1560 1308 unus

352 1355 479 1393 cum
495 1334 597 1393 illo
611 1354 728 1392 uno
744 1332 1128 1406 contenderet,
1144 1352 1232 1391 me
1247 1334 1296 1390 ei
1317 1331 1558 1393 satisfac-

348 1436 537 1478 turum
551 1418 735 1480 fuisse:
760 1440 914 1477 nunc
931 1420 988 1477 in
1003 1416 1162 1477 causa
1175 1415 1560 1479 universorum
1641 1432 1652 1441 '
1720 1428 1721 1439 ¹

348 1506 721 1579 creditorum,
758 1506 1050 1563 hominum
1089 1500 1399 1583 praesertim
1432 1523 1547 1564 am·

332 1592 727 1671 .plissimorum‚
743 1592 838 1669 qui
860 1588 971 1649 sme
985 1610 1078 1665 eo,
1099 1610 1266 1669 quem
1281 1590 1518 1661 Caecilio
1528 1610 1560 1649 ε

346 1678 447 1741 suo
482 1679 729 1738 nomine,
758 1678 1066 1754 perbiberet
1085 1719 1103 1749 ,
1129 1674 1306 1737 facile
1341 1672 1555 1736 causam

352 1782 705 1827 communem
721 1761 1064 1835 sustinerent,
1091 1780 1328 1841 aequum
1345 1760 1468 1836 esse,
1491 1782 1552 1821 e·

258 1896 266 1905 .
349 1870 445 1911 um
461 1865 517 1907 et
532 1850 719 1907 officio
742 1868 866 1907 meo
883 1846 1188 1921 consulere,
1211 1862 1266 1906 et
1287 1850 1549 1929 tempori.

347 1937 543 1997 durius
564 1935 805 2014 accipere
821 1938 930 1995 hoc
945 1936 1078 1993 mihi
1093 1932 1352 2007 visusest,
1387 1954 1556 2012 quam

349 2020 573 2095 vellem,
588 2036 643 2079 et
667 2039 832 2098 quam
850 2021 1101 2085 homines
1116 2019 1240 2078 belli
1257 2018 1436 2078 solent
1455 2040 1474 2078 ι
1497 2035 1556 2080 et

346 2104 529 2189 postea
554 2104 779 2187 prorsus.
797 2108 863 2164 ab
896 2105 1141 2165 instituta
1157 2104 1340 2164 nostra
1353 2125 1556 2185 pauco-

346 2214 469 2255 rum
490 2192 701 2255 dierum
717 2189 1108 2251 consuetudine
1129 2190 1300 2268 longe
1325 2190 1551 2268 refugit.

347 2283 443 2340 abs
460 2296 515 2337 te
532 2294 681 2359 peto,
718 2294 783 2336 ut
798 2279 930 2336 mihi
949 2280 1055 2337 hoc
1071 2276 1346 2355 ignoscas,
1386 2291 1440 2335 et
1465 2296 1556 2336 me

346 2363 619 2425 existimes
642 2365 982 2423 humanitate
1003 2363 1104 2421 effe
1121 2365 1454 2441 prohibitum
1460 2382 1556 2435 ,ne

348 2465 547 2513 contra
588 2451 753 2507 amici
796 2448 1059 2507 summam
1097 2448 1554 2508 existimationem

361 2534 665 2602 miserrimo
687 2534 807 2614 ejus
832 2550 1078 2611 tempore
1107 2535 1385 2595 venirem:
1423 2552 1552 2601 cum
