1734 3067
348 144 465 205 244
658 128 1338 189 EPISTOLARUM-

343 226 528 288 lestat.
574 228 708 309 quid
724 218 978 309 quaeris?
1003 226 1110 287 fuit
1129 230 1301 287 tanti:
1333 246 1428 287 me
1449 226 1564 309 ipse

348 329 469 375 ιιοιι
491 336 706 375 noram.
757 336 859 375 nec
883 312 1011 373 satis
1042 312 1296 389 sciebam,
1319 312 1513 393 quid'
1499 336 1562 374 ιιι

343 404 457 461 hoc
470 422 668 479 genere
686 399 860 460 facere
888 400 1116 479 poss'em·
1161 405 1303 459 reete
1329 429 1560 471 πεφυσιω-

344 518 457 559 aas.
503 488 642 547 nihil
664 486 737 545 est
766 480 1119 565 praeclarius,
1165 488 1392 546 interim
1423 490 1562 548 haec

344 584 569 651 λαμπροὶ.
614 575 1024 633 Ariobarzanes
1045 574 1216 654 opera
1235 564 1357 633 mest
1387 574 1560 649 vivit,

344 677 561 739 regnat.
592 668 849 735 ἔνποιρόιῳ,
862 659 1116 736 confilio,
1139 676 1194 719 et
1207 660 1560 736 austeritate,

341 764 405 807 et
429 747 583 827 quod
604 745 1012 807 infidiatoribus
1031 748 1154 823 ejus
1177 756 1418 821 ἀπρόσιτον
1441 767 1556 823 me,

286 822 291 835 ¹
346 856 471 894 non
500 833 671 893 modo
708 841 1033 907 ἀδωροδόκητον
1067 834 1322 911 praebui,
1369 854 1558 911 regem

348 940 691 999 regnumque
710 918 942 979 servavi.
976 921 1183 979 interea
1201 924 1234 977 ὲ
1260 919 1557 999 Cappado-

348 1010 435 1067 cia
457 1028 527 1067 ne
558 1006 729 1087 pilum
754 1004 998 1085 quiderm
1040 1020 1206 1083 atque
1227 1006 1395 1065 etiam
1434 1005 1557 1086 spe-⁶

344 1114 417 1153 ro
444 1109 570 1154 toto
600 1114 751 1153 anno
781 1094 995 1172 imperii
1019 1088 1214 1167 nostri,
1247 1094 1559 1152 teruntium

258 1242 269 1249 ,
342 1178 595 1261 sumptus
617 1182 676 1239 in
693 1180 992 1260 provincia
1006 1176 1220 1239 nullum
1239 1176 1380 1239 fore.
1409 1184 1557 1237 Bru-

344 1282 466 1327 tum
488 1268 777 1367 abjestum3
794 1279 1066 1345 quantum
1086 1266 1270 1345 potui,
1283 1265 1556 1325 excitavi:

343 1372 510 1432 quem
543 1372 664 1413 non
693 1354 882 1411 minus
911 1372 1060 1427 amo,
1084 1372 1252 1455 quam
1280 1367 1367 1425 tu,
1402 1354 1556 1431 pene

340 1440 485 1513 dixi,
509 1460 673 1527 quam
698 1454 773 1499 te.
818 1440 986 1498 habes
1003 1440 1215 1499 omnia.
1243 1459 1395 1499 nunc
1410 1438 1558 1531 pub-

339 1526 448 1586 lice
463 1528 649 1586 literas
674 1532 911 1585 Romam
927 1526 1144 1584 mittere
1165 1526 1450 1605 parabam.
1489 1524 1558 1583 u-

342 1612 588 1673 beriores
612 1627 797 1684 erunt,
831 1631 1000 1691 quam
1022 1608 1062 1669 fi
1089 1630 1164 1669 ex
1195 1616 1420 1671 Amano
1443 1612 1557 1670 mi-

340 1696 534 1760 fiffem.
578 1712 639 1759 at
658 1713 713 1757 te
730 1704 939 1757 Romae
953 1716 1074 1757 non
1087 1694 1237 1757 fore?
1256 1694 1344 1757 sed
1359 1695 1436 1756 est
1458 1712 1556 1756 to·

338 1800 485 1861 tum,
502 1784 655 1864 quod
677 1784 789 1845 kal.
818 1789 992 1843 Mart.
1007 1780 1254 1843 futurum
1272 1780 1366 1843 est.
1383 1803 1549 1844 vere-

338 1892 410 1933 or
424 1874 597 1946 enim,
614 1891 707 1945 ne,
724 1892 851 1931 cum
866 1870 936 1931 de
961 1871 1253 1949 provincia
1266 1886 1483 1947 agetur,
1507 1866 1552 1929 fi

318 1957 545 2019 -Caesar
566 1956 784 2032 resistet,
827 1978 936 2017 nos
961 1958 1316 2016 retineamur.
1361 1958 1450 2015 his
1483 1972 1550 2017 tu

336 2045 381 2107 fi
404 2042 623 2118 ademta,
640 2043 781 2103 nihil
796 2046 1066 2103 timerem.
1112 2041 1276 2102 redeo
1291 2042 1361 2103 ad
1382 2045 1552 2102 urba·

336 2155 435 2193 naz
473 2152 616 2212 quae
634 2150 739 2209 ego
762 2130 858 2189 diu
897 2131 1188 2207 ignorans,
1215 2149 1288 2187 ex
1325 2128 1556 2207 tuisju-

336 2218 668 2281 cundiffimis
701 2216 876 2275 literis
906 2237 958 2275 a.
984 2215 1042 2274 d.
1068 2237 1127 2273 v.
1153 2214 1265 2274 kai.
1287 2222 1419 2291 Jan.
1449 2214 1556 2275 de·

338 2307 511 2381 anue
542 2304 809 2379 cognovi.
860 2322 952 2359 eas
976 2300 1374 2378 diligentissime
1411 2303 1552 2360 Phi-

331 2389 562 2471 logenes
582 2386 810 2444 libertus
842 2402 970 2445 tuus
997 2387 1210 2447 curavit
1245 2385 1549 2465 perlonga,

320 2485 391 2529 et
410 2490 531 2533 non
567 2468 697 2531 satis
727 2484 849 2534 tuta
877 2472 972 2534 via
990 2470 1368 2554 perferendam
1403 2492 1542 2535 nam
