1734 3067
335 24 386 136 “4
599 61 1271 125 'EPTSTOLARUM

345 156 476 215 dam
498 152 654 235 spero
670 156 833 213 nobis
850 154 1069 234 profici,
1082 176 1204 215 cum
1221 158 1327 215 hoc
1340 173 1565 235 percre-

341 240 565 316 brescit,
577 240 844 321 plurimos
868 240 1086 300 nostros
1110 244 1315 309 amicos
1338 243 1567 300 inveni-

347 330 419 387 ri.
469 346 578 385 nos
614 341 794 385 autem
823 327 1047 385 initium
1069 324 1359 406 'prensandi
1374 326 1568 385 facere

349 414 714 490 cogitaramus
743 432 812 469 eo
828 410 947 490 ipso
971 426 1238 493 tempore,
1260 432 1374 491 quo
1397 427 1561 471 tuum

350 519 583 579 puerum
605 518 730 557 cum
753 498 840 557 his
855 495 1029 557 literis
1044 496 1311 576 proficisci
1328 499 1583 557 Cincius·

354 586 594 658 dicebat,
615 585 677 643 in
693 602 913 661 campe,
936 584 1177 643 comitiis
1194 585 1566 659 Tribunitiis,

351 670 476 731 a.d.
501 690 647 731 xvt.
679 668 898 727 kalend.
936 676 1091 729 Sext.
1139 671 1565 749 competitores,

351 758 453 835 qui
469 758 604 815 certi
621 752 724 814 effe
743 753 1060 828 videantur,
1084 755 1281 830 Galba,
1303 770 1357 813 et
1374 761 1566 813 Anto-

354 842 507 917 nius,
531 856 587 900 et
619 848 694 917 Q.
728 836 1082 900 CornificiuS.
1128 856 1267 919 puto
1288 855 1342 899 te
1370 843 1431 899 in
1454 845 1569 899 hoc

356 943 456 987 aut
496 925 678 999 rififfe,
711 941 806 983 aut
836 921 1175 1003 ingemuisse.
1220 942 1284 985 ut
1317 924 1571 986 frontem

345 1014 542 1085 ferias3
561 1010 807 1089 sunt‚qui
821 1012 987 1069 etiam
1004 1009 1326 1071 Caesonium
1342 1027 1565 1091 putent.

357 1098 646 1179 Aquilium
664 1118 782 1157 non
809 1097 1162 1172 arbitramur,
1188 1099 1285 1177 qui
1308 1097 1569 1175 denegat,

357 1185 640 1264 etjuravit
653 1184 931 1257 morbum,
948 1198 1005 1241 et
1018 1182 1151 1241 illud
1169 1182 1319 1243 suum
1338 1203 1569 1261 regnum

346 1269 618 1349 judiciale
653 1266 935 1349 opposuit.
980 1268 1243 1345 Catilina,
1281 1266 1322 1329 fi
1351 1268 1569 1347 judica-

354 1373 481 1417 tum
505 1357 610 1415 erit
629 1355 852 1415 meridie
882 1373 1002 1413 non
1026 1354 1225 1430 lucere,
1256 1370 1437 1415 certus
1460 1356 1570 1415 erit

359 1443 717 1529 competitor.
735 1441 804 1500 de
819 1438 1066 1515 Aufidio,
1083 1455 1141 1499 et
1156 1440 1434 1515 Palicano,
1446 1461 1569 1500 non

363 1543 504 1610 puto
535 1542 590 1585 te
611 1530 895 1607 expectare
921 1524 1056 1585 dum
1084 1524 1332 1586 scribam.
1378 1525 1491 1586 de
1477 1528 1574 1602 iia,

363 1616 463 1695 qui
481 1632 632 1672 nunc
645 1626 866 1691 petunt,
898 1609 1094 1671 Caesar
1122 1627 1303 1671 certus
1325 1626 1572 1693 putatur.

267 1696 274 1704 ⁸
363 1704 647 1761 Thermus
680 1718 806 1757 cum
825 1696 1016 1757 silano
1038 1697 1375 1759 contendere
1388 1696 1574 1757 existi·

365 1801 574 1857 matur3
593 1786 688 1863 qui
705 1782 803 1843 fic
788 1802 985 1862 mopes
1002 1798 1058 1843 et
1072 1785 1141 1843 ab
1158 1785 1345 1843 amicis
1360 1797 1415 1841 et
1429 1782 1574 1842 exis-

366 1870 660 1933 timatione
675 1868 888 1943 sunt,ut
914 1870 1049 1928 mihi
1062 1868 1315 1929 videatur
1330 1888 1449 1929 non
1464 1868 1571 1929 ess’e

365 1968 596 2025 ἀδύνατον,
610 1956 839 2015 Curium
875 1952 1172 2018 obducere.
1198 1952 1289 2013 sed
1303 1958 1409 2015 hoc
1420 1975 1573 2033 prae·

361 2058 458 2103 ter
480 2062 568 2101 me
597 2042 806 2101 nemini
827 2039 1071 2099 videtur.
1116 2038 1316 2101 nostris
1339 2043 1571 2101 rationi·

367 2131 476 2189 bus
507 2128 745 2189 maxime
771 2124 1085 2187 conducere
1119 2126 1359 2203 videtur,
1389 2130 1573 2186 Ther·

366 2234 526 2275 mum
549 2212 664 2272 fieri
693 2232 820 2272 cum
843 2210 1090 2273 Caesare.
1136 2232 1303 2272 nemo
1324 2211 1401 2273 est
1426 2215 1575 2275 enim

364 2320 450 2372 ,ex
463 2302 558 2375 iis,
573 2300 668 2379 qui
684 2318 836 2358 nunc
849 2299 1189 2377 petunt,qui,
1202 2296 1243 2359 fi
1257 2300 1317 2359 iu
1333 2298 1575 2361 nostrum

363 2406 590 2449 annum
610 2383 886 2465 reciderit,
914 2382 1126 2449 firmior
1146 2383 1467 2450 candidatus
1481 2384 1575 2449 fo·
