1734 3067
356 162 475 217 AD
510 162 954 219 ATTICUM
977 163 1100 221 Lm.
1122 164 1224 220 1v.
1277 176 1380 235 ¹9⁷

176 252 397 315 Milone
434 257 493 315 in
530 256 759 333 gratiam
784 254 964 317 rediit.
1014 252 1224 315 Drusus
1241 272 1382 317 ‘reu‘

176 339 255 400 est
275 338 447 401 fastus
478 362 511 401 a
528 342 809 415 Lucretio,
826 340 1108 419 judicibus
1127 342 1382 420 rejicien-

177 426 267 485 dis
294 448 345 486 a.
376 426 435 486 d.
462 449 522 487 v.
550 448 688 487 non.
712 428 914 503 Quint.
950 426 1018 487 de
1035 428 1274 487 Procilio
1291 446 1384 485 ru-

176 532 365 571 mores
384 533 503 572 non
520 515 677 573 boni:
705 511 1012 590 sedjudicia
1035 511 1200 573 nosti.
1243 515 1380 573 Hir·

178 617 274 657 rus
298 618 423 657 cum
456 600 709 657 Domitio
730 600 786 657 in
804 600 980 676 gratia
994 596 1088 658 est.
1136 594 1384 657 senatus·

176 681 515 759 consultum,
528 684 677 762 quod
689 686 777 745 hic
790 681 1058 744 Consules
1075 682 1140 743 de
1154 685 1389 765 provin·-

160 764 282 828 ‘ciis
296 767 565 843 fecerunt,
591 772 609 800 ‘
636 773 952 849 quicunque
971 768 1236 849 posthac,’
1260 790 1385 829 non

176 857 318 915 mihi
338 870 399 914 ut
416 857 511 934 qui
528 857 645 932 jam
676 856 1111 933 intelligebamus
1127 858 1388 915 enuntia·

180 943 396 1001 tionem
419 940 567 999 illam
590 944 837 1001 Memmii
858 941 1016 1001 valde
1039 940 1251 1000 Caesari
1281 939 1388 1001 dis·
1445 970 1448 973 ·

178 1026 407 1106 plicere.
456 1025 696 1087 Messalla
720 1026 926 1099 noster,
960 1042 1018 1085 et
1041 1027 1160 1103 ejus
1193 1029 1394 1087 Domi·

181 1114 296 1171 tius
312 1115 649 1190 competitor.
661 1113 902 1173 liberalis
921 1114 980 1172 in
1007 1112 1216 1192 populo
1231 1111 1392 1172 valde

180 1198 314 1257 fuit.
362 1196 500 1257 nibil
536 1200 767 1277 gratius.
816 1200 953 1259 certi
982 1213 1146 1257 erant
1172 1196 1392 1259 Consu·

180 1283 289 1343 les.
309 1304 371 1341 ac
388 1290 619 1343 Senatus
642 1284 907 1357 decrevit,
925 1299 986 1343 ut
1005 1284 1392 1362 tacitumjudi-

182 1370 333 1429 cium
350 1384 477 1428 ante
488 1371 713 1429 comitia
726 1369 899 1429 fieret.
943 1371 1102 1429 abiis
1125 1368 1395 1444 consiliis,

180 1474 326 1535 quae
350 1470 507 1516 erant
546 1458 803 1515 omnibus
834 1453 1028 1516 sortita
1061 1457 1122 1515 in
1147 1454 1392 1533 fingulos

184 1539 538 1615 candidatos,
577 1560 812 1619 magnus
856 1544 1026 1602 timor
1069 1541 1394 1601 candidato-

185 1646 333 1685 rum.
382 1624 471 1685 sed
496 1626 966 1705 quidamjudices‚
982 1628 1042 1686 in
1067 1630 1153 1687 his
1179 1629 1398 1707 Opimi-

186 1732 255 1769 us
280 1713 479 1771 Veien.
514 1719 662 1772 Tro.
700 1714 930 1785 Anatim,
955 1715 1250 1773 Tribunos
1279 1712 1398 1792 ple·

186 1798 273 1855 bis
291 1796 657 1877 appellarunt,
680 1819 749 1857 ne
764 1798 845 1874 inj
854 1797 969 1857 uffu
985 1798 1398 1879 populijudica-

191 1897 345 1941 rent.
394 1902 479 1941 res
500 1884 663 1943 cedit.
698 1886 925 1943 comitia
947 1884 1118 1943 dilata
1147 1882 1394 1943 exsena-

192 1966 593 2043 tus·consult0‚
621 1968 752 2028 dum
784 1969 878 2027 lex
899 1968 968 2029 de
991 1972 1162 2030 tacito
1184 1970 1400 2047 judicio

191 2048 446 2112 ferretur.
494 2058 649 2113 venit
676 2054 784 2132 legi
811 2054 951 2113 dies:
992 2058 1296 2115 Terentius
1311 2057 1401 2115 in-

192 2137 444 2197 terceffit.
464 2138 859 2219 Consules,qui
883 2139 1020 2200 illud
1041 2140 1151 2201 levi
1174 2144 1402 2201 brachio

192 2220 443 2299 egissent,
457 2244 569 2283 rem
594 2224 663 2284 ad
676 2232 936 2285 Senatum
958 2225 1293 2287 detulerunt.
1311 2230 1406 2287 hic

194 2307 439 2383 Abdera,
458 2330 573 2369 non
597 2326 815 2371 tacente
830 2332 939 2371 me.
989 2311 1163 2386 dice3‚
1178 2318 1404 2372 Tamen

196 2408 259 2451 tu
292 2414 413 2453 non
453 2394 713 2473 quiescis?
770 2394 1012 2473 ignosce,
1045 2400 1144 2457 vix
1169 2396 1404 2478 possum.

196 2493 557 2539 veruntamen
590 2480 723 2563 quid
747 2497 857 2543 tam
882 2482 1199 2543 ridiculum?
1241 2491 1407 2544 Sena·

814 2586 832 2627 1
891 2586 921 2643 3
