1734 3067
410 167 529 221 AD
558 165 992 224 ATTICUM
1017 169 1138 224 Lm.
1171 169 1274 224 111.
1329 183 1432 244 ¹33

156 313 171 318 -
218 281 335 321 me.
382 261 593 340 itaque,
608 263 741 340 quid
764 283 827 322 ea
848 263 1192 340 mihiprofit,
1221 266 1428 328 nescio.

219 347 317 406 sed
338 361 551 422 tamen,
580 348 765 426 quoad
780 369 869 408 me
889 369 996 408 vos
1019 347 1230 431 sperare
1239 353 1434 428 vultis,

221 434 393 493 vobis
416 435 831 514 obtemperabo.
879 455 1008 494 nam
1037 438 1188 516 quod
1203 457 1294 498 me
1316 454 1429 499 tam

222 517 411 598 saepe,
426 535 483 577 et
498 535 609 578 tam
624 523 980 580 vehementer
993 524 1277 600 objurgas,
1299 541 1354 586 ct
1369 547 1430 585 a·

223 607 389 665 nimo
418 605 639 664 infirmo
676 605 781 666 effe
804 606 966 681 dicis,
1004 609 1204 687 quaeso
1234 610 1432 690 ecquid

141 707 169 729 ⁴
224 707 449 750 tantum
464 691 670 752 maium
692 691 787 766 est,
810 694 964 772 quod
993 697 1052 753 in
1077 715 1196 754 mea
1209 696 1432 756 calami-

224 794 347 837 tate
368 797 486 836 non
501 775 592 836 fit?
616 781 807 856 ecquis
820 799 1064 858 unquam
1091 800 1167 840 ex
1181 797 1288 840 tam
1312 804 1430 843 am·

223 863 329 944 plo
346 861 506 936 statu,
520 877 635 922 tam
648 865 710 922 in
724 866 874 924 bona
883 864 1060 940 causa,
1077 869 1246 926 tantis
1257 865 1432 928 facul·

226 951 435 1010 tatibus
456 951 693 1027 ingenii,
727 949 963 1026 confilii,
997 956 1226 1029 gratiae,
1255 957 1431 1014 tantis

224 1033 511 1116 praefidiis
542 1037 820 1096 bonorum
858 1040 1112 1099 omnium
1149 1041 1428 1102 concidit?

152 1131 167 1138 ‘
226 1119 445 1203 poss‘um
460 1119 711 1182 oblivisci
730 1122 1066 1202 quisuerim?
1097 1145 1218 1184 non
1231 1124 1435 1187 sentire

226 1208 331 1288 qui
344 1205 469 1268 fim?
486 1226 601 1288 quo
610 1227 823 1268 caream
838 1211 1080 1270 honore?
1091 1231 1202 1289 qua
1221 1213 1429 1290 gloria?

224 1295 437 1373 quibus
450 1293 665 1354 liberis?
682 1297 882 1373 quibus
903 1295 1172 1357 fortunis?
1191 1319 1306 1378 quo
1321 1299 1432 1359 fra·

224 1383 348 1441 tre?
372 1399 533 1458 quem
546 1401 653 1457 ego
674 1381 769 1450 (ut
780 1402 994 1445 novum
1007 1383 1328 1444 calamitatis
1335 1405 1434 1464 ge·

225 1485 343 1527 nus
356 1465 638 1542 attendas)
658 1487 783 1527 cum
806 1467 980 1548 pluris
1013 1467 1246 1530 facerem
1267 1491 1434 1550 quam

226 1573 323 1614 me
338 1549 533 1632 ipsum,
548 1550 865 1632 semperque
883 1553 1141 1628 fecissem',
1161 1557 1336 1617 vitavi
1357 1578 1434 1618 ne

224 1637 499 1712 viderem3
518 1657 591 1698 ne
604 1654 699 1697 aut
716 1639 861 1698 illius
875 1639 1083 1700 ludium
1097 1639 1432 1719 squalorem-

224 1745 345 1804 que
356 1721 667 1805 aspicerem,
682 1740 779 1784 aut
806 1745 916 1801 me,
937 1745 1100 1805 quem
1120 1727 1214 1786 ille
1225 1729 1434 1790 floren·

228 1810 487 1872 tiffimum
508 1809 822 1890 reliquerat,
852 1813 1125 1892 perditum
1155 1814 1236 1873 illi
1265 1815 1431 1878 afflic-

228 1912 463 1977 tumque
476 1894 926 1957 offerrem.mitto
939 1914 1148 1958 caetera
1162 1901 1429 1963 imolen-24

230 1983 385 2054 bilia;
404 1983 607 2042 etenim
628 1984 759 2042 fletu
782 1984 1078 2063 impedior.
1123 1988 1216 2044 hic
1243 2003 1430 2051 utrum

219 2068 459 2129 -tandem
472 2067 589 2127 sum
598 2067 950 2146 accusandus,
973 2070 1124 2149 quod
1139 2071 1324 2145 doleo;
1353 2095 1430 2135 an

234 2154 389 2235 quod
416 2152 683 2229 commifi,
719 2173 781 2215 ut
810 2161 944 2218 haec
968 2161 1064 2214 a'ut
1085 2176 1204 2216 non
1221 2159 1430 2218 retine-

0 2267 2 2321 ὲ
90 2280 106 2286 -
234 2261 373 2316 rem,
388 2239 571 2320 (quod
584 2239 739 2300 ficile
758 2241 960 2317 sufflet,
973 2241 1074 2302 nifi
1085 2244 1236 2302 intra
1250 2248 1430 2323 parie-

234 2343 321 2387 tes
336 2345 491 2388 meos
504 2326 573 2386 de
586 2347 707 2386 mea
721 2330 962 2407 pernicie
984 2327 1434 2392 confiliaininen«

229 2417 355 2490 tur)
392 2427 489 2472 aut
514 2427 663 2472 certe
688 2415 855 2474 vivus
891 2435 1044 2475 nunc
1086 2417 1424 2478 amitterem?

232 2502 369 2562 haec
404 2517 475 2562 eo
502 2492 683 2583 scripfi
704 2515 767 2561 ut
796 2502 986 2582 potius
1023 2501 1290 2564 televares
1311 2519 1431 2581 me,
