1734 3067
340 170 465 229 An
492 168 932 231 ATTIctIM
949 170 1074 229 Lm.
1097 172 1146 229 1.
1261 188 1342 249 45

111 266 297 331 facile
318 266 481 347 haec,
506 268 967 350 quemachnodum
987 266 1169 352 spero,
1197 274 1344 335 miti·

114 358 447 433 gabuntur.
486 354 647 435 quod
674 376 780 434 ego
812 373 877 417 ut
903 357 1092 433 facias,
1129 374 1188 419 te
1216 378 1344 421 oro.

119 462 275 501 nam
295 442 369 501 ad
384 462 496 518 me,
506 445 607 522 qui
626 458 679 501 te
692 445 857 503 unice
879 443 1076 522 diligo,
1105 448 1348 507 maxime

120 529 411 608 pertinet,
428 531 705 589 neminem
718 527 823 588 effe
834 550 1108 607 meorum,
1137 533 1233 611 qui
1247 546 1346 593 aut

120 629 189 673 te
201 635 339 674 non
364 630 531 689 amet,
543 631 639 675 aut
650 618 750 678 abs
772 632 961 677 tenon
977 633 1208 677 ametur.
1247 617 1344 679 illa

118 720 266 781 pars
284 698 543 781 epistolae
566 716 695 761 tuae
721 704 950 763 minime
977 702 1082 763 fuit
1105 700 1341 767 necesst-

122 789 243 861 ria,
258 789 325 846 in
358 808 469 867 qua
495 790 757 869 exponis„
780 808 918 867 quas
941 789 1228 851 facultates
1241 804 1344 851 aut

122 872 592 956 provincialium,
627 891 725 934 aut
740 878 1077 937 urbanorum
1093 896 1344 937 commo·

126 960 368 1035 dorum,
396 974 453 1019 et
482 960 603 1019 aliis
622 964 986 1041 temporibus,
1014 978 1070 1023 et
1106 983 1194 1023 me
1223 962 1343 1046 ipso

124 1043 389 1121 consule,
411 1046 855 1126 praetermiseris.
875 1049 1010 1107 mihi
1031 1050 1178 1109 enim
1215 1070 1343 1130 per·

126 1132 319 1215 spee'ta
335 1130 411 1191 est
432 1134 765 1211 ingenuitas,
800 1150 857 1193 et
871 1134 1200 1213 magnitudo
1224 1138 1348 1197 ani-

128 1222 214 1281 mi
230 1220 341 1278 tui=
361 1238 541 1298 neque
556 1240 659 1297 ego
670 1222 815 1280 inter
828 1236 1107 1301 me‚atque
1119 1236 1174 1283 te
1186 1225 1347 1302 quic-

134 1326 309 1387 quam
322 1303 571 1365 intereffi:
582 1326 825 1386 unquam
840 1307 998 1382 duxi,
1016 1322 1234 1388 praeter
1245 1330 1350 1371 vo-

135 1392 415 1452 luntatem
444 1391 721 1452 institutae
739 1395 908 1455 vitaez
929 1394 1083 1474 quod
1109 1414 1200 1455 me
1225 1416 1342 1457 am·

136 1480 281 1540 bitio
304 1478 570 1558 quaedam
594 1478 663 1539 ad
681 1480 962 1541 honomm
995 1478 1252 1556 studium,
1289 1496 1348 1543 te

138 1581 325 1626 autem
344 1564 453 1624 alia
466 1567 695 1625 minime
732 1566 1176 1647 reprehendenda
1191 1568 1338 1631 ratio

140 1650 213 1712 ad
229 1649 516 1711 honestum
540 1653 719 1711 otium
736 1650 919 1712 duxit.
965 1674 1095 1715 vera
1116 1654 1343 1733 quidem

142 1736 306 1799 laude
333 1740 647 1819 probitatiS,
676 1738 1014 1817 diligentiae,
1035 1739 1346 1818 religioniS,

145 1846 329 1905 neque
342 1844 431 1885 me
444 1826 545 1884 tibi
550 1846 751 1905 ,neque
764 1846 1098 1907 quemquam
1109 1843 1348 1909 antepo-v·

147 1932 251 1973 no.
296 1913 499 1971 amoris
514 1932 651 1971 vero
666 1932 794 1989 erga
810 1934 922 1988 me,
957 1934 1080 1973 cum
1099 1934 1130 1974 a
1148 1914 1345 1975 frater·

145 2019 226 2058 no
242 2016 450 2072 amore,
464 1996 872 2077 domesticoque
887 1998 1107 2075 discesti,
1117 2001 1217 2060 tibi
1232 2001 1345 2081 pri·

146 2104 264 2145 mas
281 2082 486 2144 defero.
531 2084 649 2145 vidi
666 2088 837 2161 enim,
853 2087 993 2161 vidi,
1022 2084 1348 2167 penitusque

149 2168 390 2251 perspexi
402 2171 461 2231 in
476 2172 613 2231 meis
627 2173 796 2231 variis
816 2174 1154 2252 temporibus
1162 2188 1220 2232 et
1239 2172 1348 2235 sol·

150 2256 482 2332 licitudineS,
510 2272 567 2317 et
590 2255 828 2318 laetitias
860 2273 1005 2319 tuas.
1070 2256 1176 2318 fuit
1211 2259 1349 2321 mihi

150 2340 365 2424 saepeet
378 2341 557 2403 laudis
580 2342 791 2404 nostrae
819 2344 1118 2422 gratulatio
1137 2360 1232 2405 tua
1253 2346 1349 2423 ju·

150 2428 345 2506 cunda,
360 2444 417 2489 et
440 2430 663 2490 timoris
681 2428 990 2491 consolatio
1005 2445 1181 2510 grata.
1206 2432 1349 2510 quia

154 2516 280 2581 mihi
294 2535 471 2599 nuuc,
492 2531 553 2593 te,
572 2515 815 2600 absente,
840 2537 966 2605 nou
981 2515 1158 2599 solum
1171 2512 1353 2597 conii-3
