1734 3067
381 172 500 231 AD
529 174 959 232 ATTICUM
984 174 1107 231 Lm:
1133 170 1241 230 VI.
1286 170 1435 241 577}

159 304 178 313 -
203 268 414 327 &etei-a
444 267 750 346 jurisdieiio
782 292 887 329 nec
911 272 1183 349 imperita,
1214 286 1271 327 et
1293 266 1419 326 ele-.

97 374 104 381 ·
201 372 365 413 mens
393 374 518 413 cum
556 356 864 415 admirabili
894 356 1179 415 facilitate.
1224 352 1407 412 aditus

204 452 388 501 autem
405 438 474 498 ad
489 460 576 499 me
591 443 815 500 minime
842 440 1237 520 provinciales.
1268 436 1409 496 nihil

205 544 306 601 per
325 524 735 585 cubicularium.
783 543 911 585 ante
938 528 1119 585 lucem
1153 527 1409 584 inambu-

203 609 386 669 labam
399 610 575 685 domi,
603 628 666 669 ut
681 613 828 671 ,olim
859 611 1209 672 candidatus.
1252 624 1411 687 grata

205 698 362 769 haec,
376 711 434 753 et
453 718 678 773 magna,
707 700 955 776 mihique
976 696 1228 757 nondum
1248 695 1412 754 labo--⁴

205 778 350 841 tiosa
369 802 442 841 ex
457 782 550 840 illa
563 798 746 843 vetere
759 784 976 843 militia.
1010 782 1181 841 nonis
1198 782 1333 841 Maii
1346 783 1409 839 in

207 867 460 926 Ciliciam
497 870 804 943 cogitabam
827 890 846 927 ε
896 870 974 927 ibi
1010 888 1139 926 cnm
1174 869 1409 942 Junium

206 950 446 1012 mensem
461 948 917 1033 consumpsissern,
938 968 1103 1031 atque
1116 954 1329 1011 utinam
1345 954 1409 1011 in

209 1056 364 1116 pace,
381 1034 674 1115 (magnum
687 1039 832 1097 enim
851 1038 1057 1098 bellum
1074 1035 1356 1117 impendet
1374 1056 1411 1095 a
1500 1090 1517 1099 -

209 1125 458 1197 Parthis)
469 1123 774 1199 Quintilem
787 1127 846 1183 in
864 1125 1043 1184 reditu
1058 1143 1287 1203 ponere.
1306 1144 1411 1183 an-

211 1228 352 1267 nuae
381 1210 528 1269 enim
562 1212 697 1269 mihi
733 1230 933 1290 operae
970 1231 1023 1270 a.
1054 1210 1116 1270 d.
1146 1229 1257 1271 111.
1290 1208 1407 1269 kal.⁸

207 1301 364 1355 Sext.
401 1312 736 1355 emerentur.
777 1317 981 1374 magna
1004 1312 1186 1356 autem
1221 1297 1283 1354 in
1316 1292 1411 1375 spe

208 1378 352 1453 fiim,
367 1383 498 1439 mihi
528 1382 668 1441 nihil
689 1385 955 1461 temporis
973 1397 1331 1461 prorogatum
1358 1383 1409 1439 i-·

207 1468 280 1525 ri.
327 1468 586 1525 habebam
595 1472 714 1525 aeia
725 1468 935 1525 urbana
948 1465 1115 1545 usque
1134 1466 1202 1526 ad
1226 1486 1409 1527 nonas

207 1552 468 1621 Martiam
507 1572 540 1609 e
561 1554 760 1629 quibus
781 1551 1177 1628 intelligebam,
1208 1554 1409 1611 Curio·-

209 1636 302 1695 nis
315 1636 486 1695 nostri
499 1634 805 1695 constantia
825 1640 1015 1696 omnia
1025 1639 1209 1716 potius
1233 1642 1410 1717 adium

205 1722 302 1795 iri,
325 1741 490 1801 quam
506 1719 574 1781 de
598 1723 924 1801 provinciis·
970 1744 1125 1800 ergo,
1149 1738 1213 1781 ut
1228 1720 1409 1803 spero,

207 1807 528 1888 propediem
559 1824 613 1866 te
632 1808 851 1868 videbo.
899 1810 1069 1867 venio
1092 1808 1159 1867 ad
1180 1816 1411 1871 Brutum

209 1910 389 1965 tuum,
405 1896 578 1953 immo
594 1893 858 1967 nostrum,
869 1892 941 1953 fic
953 1896 1107 1954 enim
1122 1896 1321 1955 mavis·
1348 1916 1408 1953 e·

207 1980 433 2059 quidem
447 1982 634 2039 omnia
650 1979 919 2059 feci,quae
931 1983 1089 2059 potui
1104 1982 1271 2039 autin
1286 2000 1409 2041 mea

207 2068 496 2144 provincia
521 2066 800 2144 perficere,
835 2082 934 2125 aut
963 2068 1023 2124 in
1050 2086 1220 2143 regno
1240 2086 1409 2145 expe-

135 2210 140 2213 .
209 2152 329 2209 tiri.
376 2154 532 2209 omni
553 2153 720 2228 igitur
735 2152 905 2211 modo
922 2153 1008 2227 egi
1024 2172 1149 2210 cum
1171 2170 1319 2226 rege,
1349 2166 1409 2211 et

211 2254 318 2311 ago
335 2236 580 2313 quotidie
613 2257 706 2313 per
720 2237 907 2294 literas
922 2234 1139 2295 scilicet.
1158 2234 1333 2314 ipsum
1349 2257 1407 2293 e·

212 2324 330 2383 nim
355 2322 618 2395 triduum,
633 2320 1055 2399 quatriduumve
1074 2340 1287 2381 mecum
1309 2325 1407 2379 ha-

209 2409 303 2465 bui
322 2407 722 2465 turbulentisin
753 2410 934 2481 rebus,
965 2409 1161 2486 quibus
1196 2408 1407 2465 cumli-

210 2494 423 2557 beravi.
437 2490 524 2553 sed
539 2510 594 2553 et
610 2509 726 2555 tum
737 2492 1013 2573 praesens,
1025 2510 1083 2553 et
1093 2491 1405 2573 posteacre·
