1734 3067
375 60 488 137 362
629 44 1298 121 'Ems'roLARtm

373 158 460 217 sed
477 160 915 219 benevolentiam
930 159 1440 236 significantes,non
1454 181 1561 223 moe

371 246 448 305 do
463 244 572 304 fine
587 262 754 305 contu
761 246 945 319 melia,
968 246 1059 305 sed
1074 250 1239 305 etiam
1254 269 1379 306 cum
1396 250 1559 307 maxi-

371 353 463 391 ma
491 332 646 391 laude
669 335 939 411 Pompeii.
988 332 1043 390 id
1074 335 1221 391 enim
1240 334 1335 391 illa
1352 333 1555 393 senten-

373 422 450 477 tia
471 416 791 494 postulabat,
817 439 931 495 qua
952 417 1104 477 illum
1122 418 1193 477 ad
1212 419 1555 479 concordiam

375 506 654 563 hortabar.
699 524 792 563 eas
819 502 854 561 fi
880 525 994 582 quo
1010 504 1103 562 ine
1116 504 1283 579 mifit,
1316 508 1375 563 in
1392 504 1557 584 publi-

375 611 446 649 co
479 606 756 669 proponat
780 590 967 649 velim.
1017 592 1215 649 alteras
1256 592 1451 649 eodem
1478 590 1563 649 die

371 676 522 749 dedi,
545 696 658 753 quo
681 680 778 734 has
801 676 871 735 ad
888 693 963 733 te.
1012 696 1129 735 non
1154 680 1313 755 potui
1336 698 1451 735 non
1472 676 1566 734 da·

369 784 454 831 re,
487 782 610 821 cum
635 778 690 820 et
705 760 816 841 ipse
834 762 901 819 ad
936 782 1021 819 me
1036 761 1335 841 scripfiffet‚
1370 779 1425 821 et
1449 761 1564 820 Bal·

368 850 497 907 bus,
545 868 728 907 earum
753 848 1063 925 exemplum
1082 848 1147 905 ad
1178 864 1235 906 te
1257 847 1393 907 mifi.
1432 846 1563 906 nihil

375 936 614 993 arbitror
633 933 780 1007 fore,
809 933 961 1009 quod
980 933 1369 1011 reprehendas·
1406 933 1445 993 fi
1460 953 1563 1011 qua

369 1035 559 1093 erunt,
589 1019 726 1079 doce
755 1040 842 1079 me
880 1040 995 1097 quo
1018 1020 1195 1079 modo
1226 1040 1293 1077 ea
1333 1017 1565 1097 effugere

368 1105 585 1186 poffim.
633 1104 794 1178 nihil,
817 1107 1063 1182 inquies,
1094 1108 1331 1165 omnino
1354 1102 1565 1183 scripse-

373 1195 480 1251 ris·
525 1195 624 1269 qu?
648 1194 820 1269 magis
841 1190 1069 1267 effugias
1102 1211 1225 1265 eos,
1248 1195 1345 1270 qui
1374 1192 1567 1249 volunt

369 1276 606 1354 fingere?
617 1293 981 1337 veruntamen
1002 1280 1081 1335 ita
1092 1277 1284 1337 faciam
1289 1275 1489 1355 ,quoad
1505 1273 1570 1333 fi-

374 1366 456 1423 eri
483 1366 712 1444 poterit.
771 1384 901 1423 nam
924 1362 1075 1441 quod
1104 1383 1195 1421 me
1228 1364 1465 1421 hortaris
1502 1358 1570 1419 ad

369 1451 698 1509 memoriam
721 1448 1009 1523 fafiton-um,
1030 1448 1319 1523 didlorum,
1342 1448 1567 1526 scripto-

377 1557 501 1597 rum
525 1537 686 1595 etiam
707 1556 979 1606 meorum3
1000 1534 1133 1593 facis
1166 1536 1341 1593 amic&
1368 1550 1429 1591 tu
1446 1534 1569 1611 qui·

379 1622 528 1695 dem,
555 1623 798 1699 mihique
816 1622 1189 1699 gratissumum:
1214 1618 1303 1679 sed
1331 1621 1465 1679 mihi
1480 1620 1563 1677 vi·

381 1709 530 1767 deris
549 1708 694 1767 aliud
726 1724 785 1766 tu
815 1706 1123 1782 honestum,
1136 1726 1333 1785 meque
1346 1705 1567 1781 dignum

374 1797 444 1853 -in
473 1797 574 1853 hac
597 1792 751 1853 cansa
773 1794 1023 1870 judicare
1040 1836 1057 1865 ‚
1088 1808 1253 1871 atque
1266 1812 1369 1869 ego
1392 1788 1567 1849 existi-

375 1900 548 1939 mem.
593 1882 726 1937 mihi
749 1882 895 1939 enim
920 1879 1057 1939 nihil
1080 1878 1190 1937 ulla
1210 1880 1269 1935 in
1286 1891 1444 1955 gente
1464 1895 1563 1933 un-

373 1986 554 2043 quam
572 1970 638 2025 ab
656 1966 770 2023 ullo
785 1971 1005 2025 audiore
1030 1963 1453 2043 Reipublicae'ac
1466 1961 1565 2019 du·

382 2073 446 2109 ce
483 2053 695 2129 turpius
721 2052 921 2110 fadium
945 2049 1045 2109 effe
1062 2050 1281 2110 videtur
1298 2092 1319 2123 ‚
1356 2067 1509 2127 quam
1526 2064 1563 2103 a

382 2135 574 2195 nostro
605 2139 782 2197 amico
807 2136 1013 2195 fabium
1040 2136 1137 2195 est:
1162 2136 1321 2213 cujus
1340 2154 1441 2211 ego
1479 2131 1561 2189 vi-

379 2240 502 2277 cem
523 2220 712 2281 doleo:
737 2225 834 2300 qui
849 2224 1039 2281 urbem
1054 2223 1300 2301 reliquit,
1312 2221 1370 2280 id
1384 2218 1451 2280 est
1465 2236 1561 2297 pa·

377 2305 564 2373 triam3
593 2327 694 2382 pro
719 2327 849 2383 qua,
878 2311 1017 2367 etin
1040 2328 1151 2387 qua
1172 2309 1316 2369 mori
1338 2302 1565 2387 praecla-

365 2406 504 2447 ÷rum
532 2388 660 2450 fuit.
701 2394 965 2470 ignorate
1000 2397 1139 2457 mihi
1174 2394 1380 2457 videris
1396 2436 1419 2472 ,
1442 2396 1575 2453 haee
