1734 3067
336 176 924 235 ADATTICUM
983 178 1210 234 Lmv.
1288 188 1410 247 245

185 275 448 335 homines
484 274 661 351 magis
700 292 946 353 unquam
985 270 1090 333 effe
1126 274 1265 331 mira
1279 287 1370 331 tos
1389 317 1414 350 ,

188 380 357 441 quam
382 359 597 420 nullum
622 362 946 433 teruntium,
983 380 1073 418 me
1109 360 1412 418 obtinente

188 448 563 529 provinciam,
578 443 823 527 sumptus
852 445 1058 505 fadium
1080 444 1206 521 effe,
1217 466 1322 505 nee
1341 446 1408 507 in

192 532 630 612 Rempublicam,
653 554 757 593 nec
788 535 850 591 in
889 552 1228 611 quemquam
1249 552 1405 592 meo-

192 640 341 694 rum,
374 634 755 699 praeterquam
788 620 851 678 in
883 625 954 677 L.
975 618 1232 677 Tullium
1253 616 1406 695 lega·-

188 722 338 766 tum.
364 707 444 779 is,
460 706 779 784 caeteroqui
801 703 1102 778 abstinens,
1119 702 1240 775 (sed
1255 705 1408 781 Julia

192 792 315 871 lege
325 790 801 866 tranfitans‚semel
819 807 1004 850 tamen
1021 793 1078 849 in
1093 791 1408 866 diem‚non,

194 894 261 938 ut
290 878 385 938 alii
402 876 671 952 solebant,
695 880 957 939 omnibus
990 879 1166 953 vicis)
1187 876 1319 936 facit
1341 893 1407 937 ut

196 967 339 1026 mihi
353 963 709 1044 excipiendus
720 962 807 1039 fit,
822 984 950 1025 cum
972 966 1276 1023 teruntium
1307 978 1406 1023 ne-

202 1071 280 1129 go
303 1050 548 1130 sumptus
570 1049 793 1110 saetam.
842 1066 1057 1131 praeter
1087 1070 1212 1109 eum
1247 1070 1408 1110 acce·

200 1140 291 1221 pit
317 1156 507 1198 neme.
552 1140 651 1195 has
667 1158 699 1195 a
716 1136 908 1197 nostro
941 1146 1018 1212 Q.
1038 1138 1263 1197 Titinio
1287 1135 1405 1197 sor-

194 1223 301 1285 des
333 1225 665 1304 accepimus,
714 1244 841 1301 egon,
881 1222 1092 1283 aestivis
1115 1222 1410 1299 confefflS,

204 1312 483 1387 Quintum
524 1309 751 1369 fratrem
780 1312 1050 1385 hibernis,
1089 1326 1150 1369 et
1183 1311 1409 1371 Ciliciae

196 1395 477 1478 praefeci..
488 1406 565 1472 Q.
585 1396 896 1471 Volusium,
911 1400 994 1456 tui
1009 1399 1226 1457 Tiberii
1246 1418 1410 1475 gene·

203 1498 573 1561 rumrcertum
600 1484 906 1559 hominem,
943 1482 1032 1543 sed
1055 1482 1281 1543 mirifice
1305 1486 1410 1543 eti‘-

202 1590 296 1631 am
328 1568 707 1644 abstinentem,
728 1568 845 1629 mifi
875 1572 932 1629 in
954 1576 1223 1650 Cyprum,
1245 1587 1308 1629 ut
1329 1572 1410 1631 ibi

204 1656 473 1738 pauculos
488 1658 605 1716 dies
616 1655 841 1731 effet3ne
854 1658 1004 1716 cives
1023 1658 1262 1717 Romani
1277 1678 1412 1736 pau-

208 1748 281 1819 ci,
303 1746 401 1823 qui
420 1744 535 1805 illic
566 1745 947 1821 negotiantur,
969 1743 1063 1821 jus
1087 1742 1182 1803 fibi
1205 1742 1410 1805 dieium

196 1846 497 1908 ,negat-ent:
524 1851 652 1889 nam
666 1833 888 1889 evocari
918 1851 990 1889 ως
1013 1829 1186 1889 insula
1209 1833 1414 1911 Cypri?-

208 1937 278 1977 οε
296 1917 583 1977 nonlicet.
600 1914 711 1997 ipse
728 1918 791 1975 in
808 1916 990 1975 Afiam
1005 1916 1280 1998 profeeius
1297 1917 1413 1978 sum

208 2002 395 2063 Tarso
419 2005 589 2063 nonis
620 2004 924 2080 Januariis;
968 2024 1088 2062 non
1113 2005 1417 2065 mehercule

208 2089 325 2151 dici
347 2088 545 2169 potest,
571 2110 680 2170 qua
704 2089 1068 2151 admiratione
1087 2091 1314 2150 Ciliciae
1336 2094 1415 2151 ci-

210 2178 472 2250 vitatum,
486 2178 831 2254 maximeque
846 2175 1220 2235 Tarsenfium.
1269 2177 1419 2254 posh-

208 2284 279 2323 ea
307 2283 441 2322 vero
460 2283 627 2340 quam
642 2268 894 2321 Taurum
910 2260 1260 2339 transgressus
1277 2262 1418 2340 sum,

210 2348 445 2410 mirifica
464 2350 775 2429 expeaatio
800 2347 956 2407 Asiae
993 2348 1302 2409 nostrarum
1331 2350 1418 2410 di·-

212 2434 505 2509 oecefium,
522 2455 661 2514 quae
678 2433 771 2495 sex
786 2434 1087 2495 mensibus
1073 2438 1286 2516 imperii
1311 2439 1420 2497 mei

210 2521 569 2585 nullasmeas
588 2536 874 2603 acceperat
889 2522 1074 2585 literas
1079 2566 1102 2601 ,
1133 2542 1460 2608 nunquam,-
