1734 3067
346 160 458 207 212
615 142 1267 203 EPISTOLARUM

333 258 418 315 ge,
439 250 496 297 et
505 235 852 313 Hortensius,
865 258 990 298 cum
1007 228 1245 297 maixime
1259 248 1546 317 praeterea

332 322 653 396 multitudo,
671 323 763 382 ille
784 344 904 385 non
922 324 1102 383 venit?
1124 342 1266 407 ηομ,
1282 324 1545 401 inquam.

337 430 456 469 non
471 408 650 468 vidisti
667 410 834 487 igitur
855 410 1161 483 hominem,
1176 408 1431 489 inquies?
1446 410 1548 488 qui

336 496 495 576 potui
509 514 626 555 non
639 494 846 571 videre,
855 515 979 555 cum
993 515 1091 574 per
1106 495 1421 574 emporium
1440 500 1553 553 Pu·

337 581 685 641 teolanorum
708 582 807 639 iter
831 578 1091 639 facerem?
1138 582 1196 639 in
1231 598 1346 658 quo
1361 578 1548 655 illum,

335 681 589 743 agentem
619 663 851 744 aliquid,
876 666 1064 740 credo,
1080 664 1331 737 salutavi3
1352 663 1549 744 postea

329 750 576 829 jamjussi
593 749 798 825 valere,
821 771 945 810 cum
966 771 1053 810 me
1064 752 1254 810 exiens
1269 770 1300 809 e
1323 748 1419 809 sua
1434 751 1553 810 vil·

337 836 412 910 la,
433 856 566 895 num
589 836 722 915 quid
735 835 959 909 vellem,
976 833 1227 914 rogasset.
1274 838 1427 895 hunc
1437 837 1549 896 ho·

335 925 539 983 minem
563 940 754 1001 parum
791 934 1009 999 gratum
1033 918 1315 1001 quisquam
1338 924 1547 1000 putet?

337 1022 431 1067 aut
447 1010 567 1067 non
585 1008 644 1065 in
665 1026 734 1066 eo
751 1006 871 1087 ipso
892 1006 1248 1081 laudandum,
1261 1006 1415 1085 quod
1442 1026 1553 1067 au·

341 1092 448 1153 diri
479 1113 598 1153 non
633 1092 924 1153 laborarit?
964 1090 1055 1152 sed
1086 1092 1248 1152 redeo
1280 1090 1349 1151 ad
1376 1090 1552 1157 illud,

335 1179 452 1237 noli
473 1184 660 1259 putare
677 1178 809 1237 mihi
827 1177 982 1237 aliam
1002 1174 1441 1238 consolationem
1462 1178 1556 1238 es-

335 1262 388 1323 se
401 1263 567 1340 hujus
585 1264 823 1340 ingentis
840 1261 1132 1336 molestiae,
1142 1262 1241 1321 nifi
1258 1262 1408 1341 quod
1424 1261 1561 1343 spe-

335 1368 401 1407 ro
431 1368 549 1409 non
573 1348 887 1426 longiorem
918 1350 1104 1407 annu&
1134 1348 1274 1409 fore.
1321 1351 1429 1408 hoc
1450 1370 1559 1411 me

335 1433 414 1492 ita
435 1433 574 1493 velle
595 1434 756 1493 multi
774 1454 895 1493 non
912 1434 1145 1495 credunt
1160 1455 1233 1493 ex
1242 1432 1557 1495 consuetu·-

333 1518 464 1579 dine
479 1506 735 1579 alim-mh:
769 1534 854 1594 tu,
891 1522 987 1599 qui
1012 1518 1133 1594 seis,
1166 1540 1387 1579 omnem
1410 1519 1557 1581 dili·

331 1607 574 1683 gentiam
593 1605 900 1680 adhibebis,
931 1621 1051 1665 tum
1070 1603 1300 1679 scilicet,
1336 1626 1465 1665 cum
1486 1604 1555 1667 id

331 1693 422 1767 agi
451 1691 690 1751 debebit.
739 1703 864 1750 eum
897 1710 969 1749 ex
1000 1690 1179 1771 Epiro
1196 1691 1446 1765 redieris,
1477 1692 1559 1751 de

335 1774 634 1855 Republica
671 1774 872 1853 scribas
906 1775 975 1835 ad
1007 1796 1093 1835 me
1108 1776 1309 1850 velim,
1346 1774 1383 1835 fi
1406 1778 1557 1857 quid

331 1862 438 1919 erit
461 1861 611 1939 quod
629 1863 936 1943 opperiare.
978 1861 1230 1921 nondum
1247 1864 1395 1920 enim
1411 1860 1554 1922 satis

331 1948 442 2005 huc
465 1962 580 2005 erat
599 1946 844 2019 allatum,
862 1946 1149 2025 quomodo
1168 1945 1364 2005 Caesar
1375 1946 1557 2007 ferret

333 2031 403 2091 de
421 2034 743 2091 auetoritate
761 2030 1076 2111 perscripta=
1110 2048 1335 2113 eratque
1352 2052 1557 2092 rumor

333 2115 404 2176 de
420 2116 830 2196 Transpadanis
837 2158 856 2190 ,
872 2114 1155 2193 eosjuffos
1174 2120 1554 2193 quatuor-vi-

337 2222 435 2263 ros
463 2223 664 2263 creare.
713 2200 866 2281 quod
889 2200 927 2261 fi
949 2205 1025 2261 ita
1040 2201 1135 2277 est,
1167 2222 1401 2279 magnos
1418 2223 1553 2261 mo-

343 2303 434 2346 tus
459 2290 648 2349 timeo·
695 2285 786 2348 sed
811 2287 1017 2368 aliquid
1049 2307 1122 2349 ex
1154 2289 1421 2368 Pompeio
1444 2286 1553 2349 sci·

1719 2446 1734 2639 ’1
