1734 3067
334 170 454 227 AD
480 166 919 225 ATTICUM
942 168 1065 224 Lm.
1094 168 1257 227 v111.
1298 182 1415 245 403

454 370 708 413 menno
736 370 997 413 Αττισο
1026 370 1175 413 sm..

141 472 200 521 ¹4
303 443 441 499 Non
457 438 674 514 dubito,
706 440 840 518 quin
874 439 974 499 tibi
996 437 1216 498 odiosae
1230 435 1335 498 fint
1356 458 1416 499 e-

213 523 441 609 pistolae
465 525 967 605 quotidianae‚cum
988 524 1296 604 praesertim
1314 544 1414 584 ne·

215 632 328 692 que
344 630 494 672 nova
511 611 580 671 de
601 632 660 670 re
675 611 856 691 aliqua
888 612 1179 671 certiorem
1204 626 1257 670 te
1278 610 1413 675 faci·
1512 624 1521 635 ·

214 718 331 772 am,
347 717 524 777 neque
541 718 744 757 novam
761 696 1125 777 deniquejam
1150 698 1417 777 reperiam

215 781 487 845 scribendi
501 782 670 843 uuam
687 780 1032 843 sententiam.
1080 780 1167 842 sed
1184 780 1245 859 fi,
1261 781 1416 841 dedi·

215 884 276 929 ta
297 890 488 951 opera,
521 887 648 929 cum
664 866 818 928 causa
834 868 987 929 nulla
1008 866 1158 943 effer,
1188 866 1415 927 tabella·

216 958 334 1017 rios
364 954 434 1015 ad
466 970 520 1014 te
543 976 670 1015 cum
686 957 945 1015 inanibus
972 952 1211 1035 epistolis
1233 950 1415 1013 mitte-

214 1062 356 1115 παυς
381 1040 610 1101 facerem
626 1046 832 1121 inepte.
857 1043 1115 1101 euntibus
1128 1060 1288 1114 vero,
1308 1039 1415 1099 do·

212 1126 447 1191 mesticis
463 1125 796 1207 praesertim,
811 1142 877 1187 ut
897 1127 1037 1187 nihil
1058 1125 1130 1186 ad
1144 1140 1200 1185 te
1211 1125 1333 1187 dem
1346 1125 1415 1185 li-

213 1228 476 1289 terarum,
511 1212 687 1273 facere
721 1234 842 1273 non
880 1212 1115 1294 poss‘um:
1160 1227 1219 1273 et
1256 1209 1415 1271 fimul

213 1298 405 1371 (crede
420 1300 584 1377 mihi)
594 1297 877 1379 requiesco
892 1298 1112 1378 paulum
1127 1300 1187 1360 in
1204 1300 1291 1357 his
1307 1297 1414 1357 mi·

212 1384 390 1460 seriis,
406 1405 532 1445 cum
548 1384 694 1464 quafi
712 1401 893 1445 tecum
914 1385 1143 1466 loquore
1160 1404 1286 1446 eum
1314 1403 1414 1443 ve·

213 1490 282 1533 ro
305 1484 429 1531 tuas
444 1470 692 1551 epistolas
723 1472 875 1551 lego,
902 1470 1079 1532 multo
1100 1474 1266 1531 etiam
1294 1488 1414 1530 ma·

210 1558 321 1637 gis.
338 1559 572 1619 omnino
594 1559 865 1637 intelligo,
881 1558 1095 1619 nullum
1110 1554 1262 1618 fuiss'e
1274 1572 1417 1616 tem·

210 1664 318 1726 pus
341 1643 460 1725 post
488 1647 586 1705 has
614 1644 773 1723 fugas
796 1658 854 1704 et
887 1642 1236 1719 formidines,
1259 1638 1419 1723 quod

211 1732 388 1807 magis
403 1731 650 1791 debuerit
657 1745 868 1791 mutum
883 1728 985 1791 ess'e
999 1751 1032 1789 a
1045 1730 1238 1790 literis:
1252 1747 1417 1809 prop·

211 1830 362 1876 terea
383 1816 534 1897 quod
552 1837 730 1897 neque
759 1823 969 1877 Romae
990 1817 1291 1897 quidquam
1314 1834 1413 1873 au·

209 1900 362 1963 ditur
377 1904 538 1963 novit
557 1922 662 1963 nee
677 1905 734 1962 in
751 1904 837 1963 his
852 1903 1017 1977 locis,
1032 1922 1170 1981 quae
1186 1924 1217 1961 a
1232 1908 1415 1961 Brun·

207 1986 362 2049 dufno
384 1986 579 2048 absunt
601 1990 853 2070 propius,
877 2009 1039 2070 quam
1064 2003 1146 2066 tu,
1162 1986 1415 2063 biduum,

205 2087 305 2133 aut
321 2073 587 2135 triduum.
604 2074 893 2135 Brundufii
911 2096 975 2134 au
983 2089 1091 2133 tem
1109 2093 1276 2135 omne
1291 2078 1409 2133 cer-'

207 2172 392 2219 tamen
427 2163 667 2221 vertitur
701 2163 868 2239 hujus
906 2162 1070 2242 primi
1100 2162 1365 2240 temporis
1387 2178 1408 2220 ε

205 2266 318 2327 qua
347 2246 568 2326 quidem
591 2249 969 2329 expectatione
992 2263 1281 2327 torqueorx
1321 2242 1409 2305 sed

204 2333 394 2391 omnia
433 2350 563 2394 anre
591 2353 701 2393 nos
737 2332 989 2395 sciemus.
1036 2334 1232 2394 eodem
1257 2334 1409 2392 eniiu

203 2416 293 2477 die
305 2418 470 2479 video
491 2416 771 2493 §aesarem
789 2441 820 2479 a
839 2419 1093 2481 Corfinio
1110 2418 1229 2501 post
1244 2419 1406 2479 meri·

202 2502 346 2582 dictu
361 2504 664 2589 profectum
687 2503 810 2584 effe,
826 2506 885 2567 id
898 2503 971 2568 est
986 2506 1233 2570 Feralibu
1240 2522 1410 2589 nque
