1734 3067
358 147 469 209 186
620 148 1274 207 EPISTOLARUM

348 248 495 322 cula,
514 266 681 328 quan
702 249 869 319 habe}
903 246 1004 307 sub
1023 248 1256 327 imagine
1279 244 1556 310 Aristote-

349 332 441 408 lis,
457 332 660 409 sedere,
688 354 851 414 quam
873 335 934 393 in
957 332 1178 393 istorum
1209 330 1332 393 sella
1347 336 1548 409 curuli3

350 436 643 500 tecumque
674 420 819 500 apud
842 436 900 479 te
915 418 1208 493 ambulare,
1233 440 1400 499 quam
1421 440 1552 480 cum

258 526 289 555 ο
347 526 443 579 eo,
464 526 703 583 quocum
718 506 882 566 video
903 505 1007 566 effe
1019 504 1428 567 mbulandum.
1461 506 1551 567 sed

348 592 417 651 de
456 592 547 651 illa
570 588 941 653 ambialatione
971 592 1094 653 fore
1122 592 1347 668 viderit,
1393 610 1486 652 aut
1513 592 1554 651 fi

350 680 475 757 quis
490 678 564 737 est
585 681 681 757 qui
708 693 865 737 curet
893 678 1048 738 deus.
1097 676 1336 738 nostram
1359 682 1552 738 ambu-

350 764 641 838 lationem,
650 780 707 823 et
720 766 1084 839 Laconicum,
1095 784 1268 843 eaque
1283 785 1358 844 qu
1363 786 1426 824 ae
1437 772 1554 847 Cy-

350 870 445 911 rea
464 848 593 925 sint,
606 850 793 923 velim,
806 850 962 929 quod
987 853 1220 929 poteris,
1243 850 1469 924 invisam
1497 865 1554 911 et

351 956 547 1015 urgeas
564 937 916 997 Philotimum
947 952 1012 995 ut
1029 952 1311 1017 propes-en
1361 952 1422 997 ut
1433 936 1556 1017 pos·

348 1020 445 1081 fim
462 1024 563 1082 tibi
586 1022 793 1101 aliquid
808 1025 869 1083 in
897 1041 966 1082 eo
987 1042 1184 1099 genere
1202 1022 1552 1103 respondere.

350 1110 645 1188 Pompeius
672 1111 730 1167 in
748 1114 1058 1169 Cumanum
1087 1108 1362 1168 Parilibus
1376 1112 1554 1169 venit:

351 1193 495 1254 mifit
516 1194 583 1254 ad
606 1194 880 1253 mestatim
897 1196 991 1273 qui
1009 1193 1232 1253 salutem
1247 1190 1556 1255 nuntiaret.

351 1281 421 1338 ad
450 1300 573 1338 eum
610 1280 867 1359 postridie
905 1300 1073 1340 mane
1103 1280 1395 1359 vadebam,
1433 1300 1558 1341 cum

352 1369 483 1426 haec
497 1364 699 1446 icripfi.

458 1582 465 1590 .
578 1558 837 1601 ctonno
880 1558 1140 1601 Αττιοο
1183 1559 1338 1601 sm..

439 1626 797 1687 Deleetarunt
826 1647 916 1687 me
929 1626 1182 1708 epistolae
1219 1640 1369 1700 tuae,
1413 1644 1554 1705 quas
1579 1639 1620 1675 ¹¹

353 1713 539 1793 accepi
568 1732 687 1770 uno
716 1728 966 1793 tempore
994 1712 1134 1772 duos
1165 1728 1296 1772 ante
1325 1711 1470 1771 diem
1491 1732 1548 1771 11

352 1798 465 1857 kal.
505 1815 671 1877 perge
690 1798 920 1878 reliqua.
965 1796 1134 1875 gestio
1157 1796 1292 1858 scire
1313 1796 1409 1857 ista
1435 1818 1565 1856 om·

357 1886 475 1943 nia.
492 1884 657 1943 etiam
670 1883 807 1944 illud
822 1882 1132 1961 cujusmodi
1148 1882 1237 1959 fit,
1253 1883 1420 1943 velim
1438 1902 1564 1962 per·-

358 1968 573 2050 spicias=
606 1984 767 2048 potes
802 1990 835 2029 a
873 1972 1183 2033 Demetrio:
1227 1970 1374 2029 dixit
1403 1977 1570 2027 Pom·

359 2058 539 2137 peius,
568 2054 815 2115 Craffum
836 2076 869 2114 a
889 2054 945 2115 se
961 2058 1020 2115 in
1039 2056 1262 2115 Albano
1283 2054 1568 2135 expestari

358 2162 413 2201 a.
436 2140 495 2201 d.
519 2162 539 2200 1
557 2160 593 2200 v
614 2141 904 2201 kalendas:
937 2144 986 2201 is
1017 2162 1142 2201 cum
1171 2140 1418 2213 venisset,
1447 2142 1570 2199 Ro-

359 2247 506 2287 mam
535 2226 640 2285 effe
672 2226 847 2287 statim
885 2243 1188 2302 venturos,
1217 2244 1280 2287 ut
1317 2228 1568 2285 rationes

360 2330 487 2369 cum
504 2312 810 2370 publicanis
834 2329 1113 2391 putarent.
1163 2312 1420 2391 quaefivi‚
1446 2311 1566 2389 gla-

358 2392 758 2451 diatoribusne?
784 2394 1088 2471 respondit,
1125 2412 1253 2455 ante
1283 2416 1448 2475 quam
1473 2400 1564 2455 in·

356 2473 705 2534 ducerentur.
752 2477 810 2537 id
832 2478 1138 2555 cujusmodi
1164 2480 1252 2555 fit,
1283 2497 1380 2541 aut
1412 2502 1566 2543 nunc
