1734 3067
403 120 522 197 360
675 120 1323 178 EPISTOLARUM

401 242 520 297 um,
545 220 642 299 qui
667 234 832 300 caput
843 219 1015 299 ipsum
1033 218 1351 297 reliquiffet‚
1376 217 1569 297 reliquis

397 308 656 367 membris
673 328 792 365 non
807 326 1047 386 parcere.
1074 307 1123 363 ei
1146 304 1321 365 statim
1340 302 1570 383 rescripfi,

401 396 792 472 hominemque
827 408 1037 453 certum
1074 390 1191 449 mifi
1222 392 1293 451 de
1306 393 1573 453 comitibus

399 484 560 553 meis,
587 494 808 539 nonme
829 498 1111 557 quaerere,
1136 479 1233 535 ubi
1242 474 1491 537 tutiflimb
1502 474 1574 533 es-

397 565 572 626 sem:fi
589 587 674 625 me
687 566 851 625 vellet
865 563 919 622 su
926 586 955 623 a
959 579 1074 637 ,aut
1090 564 1431 642 Reipublicae
1440 558 1577 623 causa

399 655 689 712 Luceriam
711 653 925 725 venire,
936 650 1117 710 statim
1138 649 1243 711 effe
1276 666 1573 711 venturum:

397 736 754 817 hortatusque
767 735 881 796 sum
889 779 907 811 ,
924 752 985 795 ut
998 758 1156 796 oram
1168 739 1487 796 maritimam
1500 754 1577 793 re·

399 827 624 898 tineret,
639 823 678 883 fi
699 844 812 883 rem
835 822 1243 882 frumentariam
1266 820 1362 883 fibi
1374 842 1445 905 αἱ
1463 840 1579 902 pro·

401 912 600 971 vinciis
623 908 954 989 suppeditari
982 902 1166 969 vellet.
1214 913 1345 971 haec
1360 930 1444 969 me
1459 904 1577 967 frus·

404 1012 491 1056 tra
507 994 732 1055 scribere
747 996 1020 1055 videbam:
1040 992 1129 1054 sed
1146 996 1225 1053 uti
1243 998 1304 1054 in
1321 998 1451 1055 urbe
1466 994 1578 1054 reti·

402 1083 586 1143 nenda
599 1098 756 1155 tunc,
789 1080 856 1141 fic
875 1080 1106 1141 nuncin
1124 1082 1285 1141 Italia
1300 1098 1420 1141 non
1437 1080 1581 1141 relin-

401 1168 624 1248 quenda
645 1167 961 1228 testificabar
978 1166 1303 1227 sententiam
1318 1190 1506 1228 meam.
1520 1160 1585 1224 fic

401 1256 550 1315 enim
573 1258 748 1335 parari
775 1255 961 1328 viden,
990 1271 1055 1313 ut
1083 1258 1373 1313 Luceriam
1406 1270 1585 1315 omnes

399 1343 594 1420 copiae
607 1346 1181 1411 contrahantur=‚et·ne
1208 1343 1255 1399 is
1280 1341 1496 1419 quidem
1508 1339 1587 1397 lo·

405 1425 733 1486 cusstabilis=
773 1426 862 1486 sed
879 1448 1033 1486 exeo
1056 1426 1196 1506 ipso,
1220 1426 1259 1485 fi
1288 1444 1589 1505 urgeamur,

401 1530 624 1592 paretur
639 1513 785 1590 fuga.
833 1535 949 1592 quo
972 1515 1157 1571 minus
1171 1515 1385 1588 mirere,
1402 1512 1437 1570 fi
1454 1511 1589 1570 invi·

402 1614 494 1659 tus
509 1602 570 1659 in
585 1620 706 1658 eam
727 1600 941 1660 causam
962 1598 1257 1674 descendo,
1284 1602 1353 1657 ‘in
1384 1618 1493 1678 qua
1505 1611 1593 1655 ne-

401 1705 510 1763 que
530 1689 707 1765 paciS,
725 1706 905 1763 neque
924 1688 1185 1745 vistoriae
1206 1687 1349 1744 ratio
1362 1682 1589 1765 quaesita

401 1770 468 1829 fit
488 1793 756 1850 unquam,
779 1770 868 1832 sed
901 1770 1103 1851 semper
1124 1770 1419 1849 flagitiosae
1441 1785 1497 1829 et
1510 1789 1592 1827 ca·

399 1856 682 1919 lamitosae
693 1858 875 1935 fugae.
910 1857 1171 1931 eundum3
1200 1874 1591 1937 ut,quemcun·

397 1963 510 2023 que
539 1943 658 2003 fors
697 1944 907 2019 tulerit,
952 1943 1130 2002 casum
1156 1943 1369 2015 subeam
1408 1943 1591 2021 potius

399 2032 632 2103 cumiis,
657 2032 752 2108 qui
769 2030 1031 2090 dicu-ntur
1044 2028 1149 2088 ess'e
1162 2032 1323 2105 boni,
1338 2050 1501 2109 quam
1512 2026 1595 2085 vi·

395 2115 529 2173 dean·
559 2137 590 2173 a
613 2118 778 2174 bonis
810 2115 1103 2175 diffentire.
1152 2114 1250 2174 etsi
1279 2115 1592 2196 propediem

396 2199 561 2259 video
577 2202 877 2276 bonorum,
892 2202 949 2260 id
966 2200 1039 2259 est
1060 2202 1360 2276 lautorum,
1376 2218 1429 2259 et
1443 2202 1595 2259 locu-

389 2283 624 2359 pletum,
657 2289 848 2345 urbem
869 2288 1123 2346 refertam
1144 2288 1289 2345 fore:
1307 2284 1592 2363 municipi-

385 2370 442 2423 is
459 2388 596 2428 vero
609 2372 696 2427 his
717 2371 943 2446 relictis,
962 2372 1371 2431 referrissimam.
1406 2390 1523 2450 quo
1538 2388 1595 2426 e-

381 2470 463 2525 80
487 2453 546 2513 in
565 2472 800 2545 numero
825 2455 1009 2535 essem,
1043 2457 1079 2519 fi
1096 2461 1201 2519 hos
1217 2458 1439 2519 lidron-es
1472 2474 1591 2519 mof-
