1734 3067
303 126 445 229 ‘280
508 168 525 175 “
579 159 1323 221 ’EtPISTOLARUM“
1373 162 1382 173 ’

322 276 533 321 certam
544 259 689 321 diem
703 259 1048 320 decederent:
1069 260 1146 318 ob
1159 276 1410 337 eamque
1425 268 1558 318 cau-⁹

324 347 465 420 sam,
490 362 609 406 tum
636 349 713 405 ob
738 362 1002 420 caeteras,
1039 344 1328 405 Salaminii
1349 366 1464 404 nos
1493 350 1557 405 in

326 433 543 493 coelum
562 433 793 492 decretis
810 431 920 491 suis
950 430 1301 491 sustulerimt.
1329 430 1558 509 sedjam

325 517 463 597 quid
478 538 621 599 opus
634 516 1144 597 equitatu?solvunt
1155 520 1310 575 enim
1325 517 1560 577 Salami-

330 606 433 663 nii.
482 602 583 663 nifi
598 603 745 663 forte
766 604 821 663 id
836 604 1099 663 volumus
1117 606 1288 661 amuis
1303 602 1558 679 efficere,

325 692 395 749 ‘ut
427 689 625 749 foenus
648 691 934 767 quaternis
967 687 1282 749 centefimis
1313 688 1552 749 ducant:

324 790 387 835 et
416 796 525 852 ego
544 774 757 835 audebo
772 775 948 853 legere
965 794 1237 853 unquam,
1254 789 1352 848 aut
1375 779 1558 835 attin-

324 882 459 940 gere
486 881 585 920 eos
602 862 799 934 libros,
822 881 970 939 quos
993 877 1054 920 tu
1069 860 1351 936 dilaudas,
1385 860 1427 919 fi
1445 863 1556 921 tale

328 945 467 1026 quid
486 947 697 1006 fecero?
716 943 904 1021 riimis,
928 949 1115 1021 nimis,
1134 948 1399 1026 inquam,
1415 949 1474 1005 in
1487 945 1554 1007 is-

325 1048 393 1093 to
410 1040 641 1093 Brutum
654 1032 861 1107 amasti,
873 1033 1165 1093 dulciffime
1181 1034 1398 1092 Attice:
1419 1054 1554 1109 nos,

330 1136 549 1191 vereor,
572 1138 647 1178 ne
670 1138 886 1197 patum.
931 1134 1099 1195 atque
1113 1122 1268 1193 haec,
1287 1116 1549 1199 seripfie-

326 1224 409 1281 go
428 1203 499 1265 ad
523 1210 759 1263 ‚Brutum
798 1202 1052 1283 seripfiss'e
1073 1219 1130 1263 te
1149 1204 1220 1263 ad
1244 1224 1355 1263 me.
1409 1226 1549 1282 cog·

326 1288 501 1349 nosce.
512 1311 667 1349 nunc
690 1306 928 1351 caetera.
973 1310 1078 1369 pro
1093 1290 1282 1369 Appio
1307 1310 1424 1349 nos
1457 1295 1554 1351 hie

326 1376 523 1435 omnia
544 1376 828 1447 faciemus3
844 1374 1066 1435 honeste
1082 1390 1290 1446 tamen,
1315 1373 1408 1434 sed
1425 1377 1556 1455 pla-

328 1482 401 1523 ne
416 1460 671 1522 libenter:
702 1482 807 1533 nec
834 1465 980 1521 enim
1003 1460 1176 1541 ipsum
1207 1461 1458 1521 odimus:
1491 1478 1550 1523 et

330 1553 563 1606 Brutum
578 1566 819 1607 amamus
832 1570 849 1605 ε
883 1565 939 1606 et
956 1549 1243 1625 Pompeius
1261 1548 1498 1609 mirifice
1512 1570 1548 1609 a

326 1652 417 1691 me
438 1652 547 1691 con
554 1632 924 1713 tendit3quem
935 1634 1236 1693 mehercule
1250 1633 1372 1711 plus
1381 1635 1542 1713 plus:-

324 1737 437 1795 que
464 1720 524 1776 in
546 1717 659 1776 dies
684 1718 874 1795 diligo.
895 1726 960 1777 C.
989 1718 1236 1777 Caelium
1261 1720 1540 1791 Quaesto-

328 1823 445 1871 rem
458 1807 566 1861 huc
596 1806 783 1862 venire
804 1803 1013 1863 audisti.
1059 1802 1264 1878 nescio,
1281 1806 1418 1881 quid
1442 1806 1532 1866 fita

328 1885 417 1949 sed
444 1930 461 1946 .
483 1930 498 1947 .
517 1931 531 1946 .
566 1893 878 1949 Pammenia
889 1890 986 1949 issa
999 1893 1130 1949 mihi
1147 1910 1263 1949 non
1281 1890 1530 1967 placent.

326 1993 431 2049 ego
452 1994 541 2033 me
562 1972 719 2053 spem
750 1978 986 2035 Athenis
1025 1976 1148 2035 fore
1181 1973 1366 2035 mense
1393 1982 1533 2056 Sep-

326 2060 545 2119 tembri.
592 2075 815 2119 tuorum
828 2064 1090 2121 itinerum
1115 2078 1366 2139 tempora
1395 2060 1532 2129 scire

328 2143 455 2205 sane
476 2145 662 2205 velim.
688 2156 886 2209 εὐήθειαν
909 2150 1220 2228 Sempronii
1241 2146 1369 2206 Rufi
1389 2168 1530 2225 cog-

276 2262 287 2271 r
328 2234 465 2291 novi
478 2250 551 2289 ex
562 2230 783 2311 epistola
799 2250 892 2291 tua
907 2232 1344 2311 Cot-cymmquid
1359 2251 1528 2309 quae·

326 2318 434 2376 tis?
474 2318 699 2377 invideo
732 2321 1015 2395 potentiae
1027 2318 1286 2377 Vestorii.
1333 2320 1524 2394 cupie-

320 2402 449 2457 bam
478 2400 641 2457 etiam
686 2422 837 2459 nunc
866 2402 1026 2479 plura
1054 2406 1280 2477 garrire:
1305 2400 1393 2459 sed
1431 2402 1522 2459 lu-

318 2496 433 2553 πεῖ
450 2496 605 2557 urget
622 2486 801 2565 ραι-δας
824 2485 1046 2563 festinat
1067 2487 1390 2565 Philogenes
1398 2508 1524 2548 ma-
