1734 3067
318 174 895 239 ADATTI'CUM
942 174 1071 237 Lis.
1104 182 1209 237 VI.
1256 196 1376 255 293-

163 279 323 359 plura
350 279 568 339 locutus
593 276 687 338 est:
728 276 887 361 spero
916 276 1069 346 falsa,
1093 276 1185 337 sed
1224 272 1377 336 ce‘rte

162 365 470 427 'horribiliaz
497 367 796 426 exercitum
813 364 972 426 nullo
991 364 1163 425 modo
1186 361 1372 423 dimif-

165 450 374 513 surum:
422 451 668 511 cumino
711 458 995 511 Praetores
1036 449 1377 529 designatos,

167 539 402 600 callium
441 540 760 601 Tribunum
813 540 1027 619 plebis,
1072 536 1375 597 Lentulum

167 624 464 685 Consulem
481 624 674 684 facere:
694 628 957 705 Pompeio
972 628 1031 685 in
1058 624 1247 683 animo
1270 621 1383 681 effe

169 715 360 771 urbem
379 713 710 789 relinquere.
732 709 819 771 sed
837 717 1071 784 heus-tu,
1086 732 1221 769 num
1242 709 1377 788 quid

168 797 388 859 moleste
411 798 518 857 fers
535 799 602 857 de
621 798 744 872 illo,
761 801 856 876 qui
884 798 932 857 se
955 796 1087 856 solet
1104 796 1385 855 anteferre

170 900 372 965 patruo
391 882 596 945 sororis
613 899 736 943 tuae
761 885 885 943 filii?
906 900 961 943 at
988 904 1018 945 a
1042 885 1241 963 quibus
1257 885 1375 940 vic-

171 971 292 1029 tus?
319 968 407 1029 scd
425 971 490 1029 ad
514 990 649 1029 rem.
678 990 784 1029 nos
801 968 991 1029 etefiae
1008 967 1375 1029 vehemen'tis-

173 1056 308 1118 fime
341 1056 649 1115 tardarunt.
697 1058 949 1116 detraxit·
970 1076 1065 1117 xx
1096 1054 1241 1135 ipsos
1262 1055 1381 1117 dies

175 1146 338 1203 etiam
364 1146 652 1223 aphractus
671 1145 1038 1203 Rhodiorum.
1059 1141 1171 1201 kal.
1178 1144 1379 1202 O‘lob

163 1228 388 1309 Epheso
427 1228 858 1290 conscendentes
912 1234 1055 1290 hanc
1100 1226 1380 1309 epistolam

169 1316 422 1377 dedimus
467 1323 535 1377 L.
563 1320 905 1397 Tarquiti0‚
956 1317 1109 1377 fimul
1153 1336 1183 1373 e
1215 1331 1383 1417 portu

171 1403 500 1481 egredienti,
501 1402 601 1462 sed
619 1404 927 1485 expeditius
949 1406 1257 1482 naviganti.
1274 1422 1383 1461 nos

175 1490 525 1551 Rhodiorum
543 1492 834 1569 aphractis,
851 1489 1181 1570 eaeterisque
1195 1490 1383 1567 longis

177 1578 416 1637 navibus
448 1576 877 1654 tranquillitates
912 1578 1231 1657 aucupaturi
1262 1596 1383 1635 erae·

177 1682 325 1724 mus.
373 1663 450 1721 ita
471 1677 658 1721 tamen
683 1666 1134 1744 properabamus,
1166 1680 1229 1721 ut
1259 1682 1381 1721 non

177 1746 350 1831 poss'et
371 1750 567 1826 magis.
615 1748 686 1807 de
709 1746 1035 1809 raudusculo
1080 1748 1395 1808 Puteolano

178 1848 426 1915 gratum.
483 1853 636 1895 nunc
666 1836 832 1896 velim
861 1834 1117 1917 dispicias
1150 1856 1237 1895 res
1270 1842 1387 1895 Ro-

175 1918 397 1983 manas:
419 1922 634 1997 videas,
657 1922 790 2002 quid
823 1924 989 1982 nobis
1006 1923 1073 1983 de
1102 1924 1389 2002 triumpho

171 2007 541 2086 cogitandum
579 2023 763 2091 putes3
802 2008 873 2068 ad
909 2029 1075 2089 quem
1106 2010 1267 2068 amici
1302 2028 1392 2069 me

181 2108 412 2155 vocant.
437 2114 562 2173 ego,
578 2092 678 2155 nili
693 2096 942 2171 Bibulum,
958 2097 1078 2176 qui,
1092 2095 1225 2158 du'm
1242 2114 1391 2154 unus

182 2178 382 2260 hospes
405 2182 467 2238 in
497 2184 653 2261 Syria
679 2180 805 2257 fuit,
851 2183 1043 2261 pedem
1071 2182 1235 2261 porta
1266 2200 1391 2240 non

183 2267 310 2349 plus
327 2266 551 2343 extulit,
585 2286 750 2345 quam
783 2267 957 2328 domo
980 2267 1093 2341 sua,
1117 2267 1393 2327 adnitere*-

187 2370 280 2413 tur
323 2352 394 2412 de
423 2355 726 2433 triumpho,
771 2374 951 2434 aequo
979 2356 1169 2414 animo
1204 2352 1387 2414 effem-

189 2459 344 2499 nunc
380 2458 520 2498 vero
557 2448 750 2515 αἰσχρὸν
795 2454 992 2517 σιωπᾷν.
1040 2439 1128 2499 sed
1160 2440 1395 2520 explora

179 2541 306 2589 rem
330 2538 529 2587 totam=
545 2541 634 2605 ut,
653 2544 773 2607 quo
785 2526 1155 2608 diecongreffi
1166 2530 1406 2603 etima„
