1734 3067
372 128 481 199 198
650 130 834 187 mus
862 116 1322 185 ToLARU‘M

362 238 457 285 tus
472 224 803 303 decreverat,
818 229 1050 307 ueprius
1063 228 1290 287 comitia
1305 228 1592 287 haberen-

364 328 501 384 πυτ,
526 314 693 393 quam
722 313 815 371 lex
830 313 942 373 lata
974 311 1122 373 esset:
1143 310 1294 391 fiqai
1313 312 1588 374 interces-

362 395 523 471 fiss‘et,
542 418 627 456 res
646 399 862 475 integra
887 399 1194 459 referretur.
1243 416 1451 477 coepta
1471 400 1588 459 fer·

364 486 414 541 ri
429 482 645 544 leviter.
693 482 1040 544 intercessum
1065 505 1184 543 non
1209 484 1435 544 invitis.
1491 503 1586 545 res

364 568 436 627 ad
466 576 744 629 Senatum.
770 569 837 630 de
852 590 916 629 ea
936 590 995 629 re
1019 569 1462 643 itacensuerunt,
1481 592 1585 630 co·-

364 656 522 715 mitia
544 657 725 735 primo
748 676 972 734 quoque
992 671 1240 736 tempore
1259 658 1452 715 haberi
1477 655 1585 715 effe

360 742 399 799 ὲ
418 761 495 800 re.
540 747 669 799 Scau
677 760 735 799 ru
746 762 791 815 s,
808 743 1037 820 quierat
1053 743 1239 821 paucis
1253 740 1450 800 diebus
1467 742 1584 801 iuis

361 824 669 900 absolutae,
699 848 823 886 cum
840 847 946 905 ego
963 842 1174 905 partem
1197 828 1317 903 ejus
1335 826 1580 886 ornatis?-

288 980 294 987 ,
364 910 495 971 fime
518 910 889 988 defendiss'em‚
929 914 1452 971 obnuntiationibus
1479 932 1580 993 per

368 997 684 1057 scaevolam
708 996 1043 1078 interpositis
1059 1040 1076 1071 ,
1117 996 1344 1075 singuiis
1377 998 1578 1057 diebus

370 1082 539 1163 usque
556 1084 620 1142 ad
639 1085 811 1162 pridie
825 1085 936 1143 kal.
957 1086 1158 1145 ottob.
1177 1104 1290 1162 quo
1313 1104 1420 1161 ego
1439 1088 1576 1144 haec

368 1168 459 1229 die
472 1167 671 1249 scripsi,
694 1168 938 1245 sublatis,
967 1168 1178 1249 populo
1193 1171 1444 1231 tributim
1470 1170 1574 1229 do·

368 1256 446 1314 mi
462 1252 584 1315 suae
605 1253 958 1329 satisfecerat,
973 1254 1058 1314 sed
1077 1272 1279 1329 tamen,
1307 1254 1405 1314 etfi
1437 1258 1574 1314 ube·

368 1344 487 1401 rior
500 1341 793 1401 liberalitas
808 1343 995 1422 hujus,
1006 1344 1216 1420 gratior
1229 1339 1334 1400 effe
1347 1340 1572 1401 videba-

369 1442 461 1489 tur
500 1448 685 1487 eorum
703 1470 719 1498 ‚
766 1430 861 1507 qui
901 1442 1263 1507 occuparant.
1311 1446 1573 1507 cuperem

366 1515 584 1575 vultum
614 1513 801 1573 videre
824 1529 1004 1588 tuum,
1039 1534 1162 1575 cum
1181 1516 1311 1573 haec
1334 1513 1568 1591 legeres.

305 1610 312 1617 ’
367 1622 499 1663 nam
514 1598 760 1680 profecto
770 1620 884 1660 rem
896 1620 1014 1659 non
1030 1602 1194 1660 habes
1207 1600 1410 1659 nullam
1415 1601 1574 1675 ,haec

369 1690 593 1763 negotia
608 1687 900 1745 multarum
920 1684 1291 1745 nundinarum
1309 1686 1448 1745 fore.
1477 1683 1573 1745 sed

366 1782 599 1833 Senatus
622 1772 785 1833 hodie
809 1772 988 1831 fuerat
1011 1770 1252 1843 futurae,
1285 1770 1340 1829 id
1364 1770 1437 1829 est
1452 1772 1571 1834 kal.

368 1858 721 1919 Oftobribus.
761 1858 877 1935 jam
909 1860 1057 1917 enim
1091 1855 1321 1917 luciscit.
1368 1858 1444 1916 ibi
1481 1856 1571 1918 lo·

368 1960 587 2025 quetur,
604 1961 815 2024 praeter
833 1945 1065 2004 Antium
1083 1958 1138 2001 et
1161 1943 1572 2015 Favonium‚li-

368 2036 493 2090 bere
526 2050 711 2089 nemo.
760 2050 892 2089 nam
914 2036 1057 2088 Cato
1089 2042 1357 2106 aegrotat.
1382 2026 1452 2086 de
1480 2048 1575 2087 me

370 2116 507 2177 nihil
533 2117 801 2175 timueris:
850 2111 936 2174 sed
973 2131 1153 2173 tamen
1181 2114 1454 2192 promitto
1475 2116 1568 2171 ni-

367 2204 467 2263 hil.
514 2201 648 2279 quid
678 2202 895 2281 quaeris
924 2200 1100 2260 aliud?
1137 2199 1340 2277 jndicia
1375 2198 1567 2260 credo.

366 2287 606 2357 DrusuS,
650 2294 880 2344 Scaurus
921 2307 1040 2344 non
1071 2284 1252 2344 fecisse
1281 2284 1565 2344 videntur.

364 2385 477 2427 tres
496 2368 773 2427 candidati
802 2370 924 2427 fore
939 2372 1015 2427 rei
1041 2371 1398 2447 putabantur,
1438 2378 1564 2428 Do-

360 2454 551 2513 mitius
586 2472 617 2510 a
641 2454 932 2529 MemmiO,
965 2452 1206 2513 Messalla
1227 2475 1258 2513 a
1285 2462 1360 2533 Q.
1395 2460 1566 2518 Pom·
