1734 3067
287 180 413 236 Ao
440 172 890 232 ATTICUM
913 174 1033 229 Lm.
1061 173 1162 229 111.
1249 186 1354 244 ¹45·

374 374 647 417 menno
684 374 950 415 Αττιεο
981 376 1130 416 sm„

86 473 135 514 ιε
231 450 461 504 Totum
488 444 598 501 iter
626 443 761 501 mihi
784 444 1056 502 incertum
1096 442 1228 501 facit
1258 460 1360 500 ex-

138 532 391 611 pestatio
412 528 693 587 literarum
722 526 1020 586 vestrarum
1057 527 1172 586 kal.
1205 536 1356 589 Sext.

140 617 429 690 datarum,
446 636 564 673 non
589 612 733 673 aliud
752 613 982 693 aliquid.
1031 611 1070 672 fi
1093 612 1212 693 spes
1230 617 1360 687 erit,

141 704 409 784 Epirum
434 699 513 759 fin
544 702 751 773 minus,
770 702 1064 777 Cyzicum,
1097 715 1190 757 aut
1215 700 1362 759 aliud

142 788 287 868 qnid
310 786 619 865 sequemur.
640 802 764 843 tuae
788 785 1012 865 quidem
1031 784 1366 865 literae,qu0

136 874 517 960 saepiusagne
528 872 813 950 leguntur,
842 875 950 931 hoc
979 870 1126 947 spem
1151 870 1366 931 faciunt

149 962 291 1020 mihi
321 950 621 1031 min'brem3
662 957 816 1035 quod
858 978 986 1017 cum
1017 958 1186 1017 lastae
1215 956 1366 1032 sunt,

152 1044 380 1120 tamid,
408 1043 563 1124 'quod
586 1042 891 1103 attulerunt
907 1042 975 1103 ad
1007 1042 1176 1123 spem,
1206 1044 1364 1103 infir-

152 1147 340 1203 mann
366 1146 429 1189 ut
444 1129 599 1189 facile
615 1144 890 1209 appareat,
915 1145 970 1187 te
985 1145 1041 1187 et
1065 1128 1366 1189 consolati·

102 1258 119 1271 ι
156 1219 263 1278 oni
278 1215 559 1291 servire,et
578 1217 817 1275 veritati:
836 1213 1002 1293 idque
1015 1232 1068 1275 te
1091 1236 1232 1295 rogo
1247 1216 1367 1296 pla-

158 1325 261 1377 ne,
290 1318 357 1361 ut
385 1302 453 1363 ad
486 1322 573 1361 me
596 1322 735 1381 quae
767 1300 894 1375 scis,
917 1316 980 1359 ut
1001 1318 1187 1376 crunt3
1227 1324 1368 1382 quae

161 1390 411 1468 putabis,
443 1390 519 1447 ita
534 1386 733 1447 scribas
749 1404 813 1447 ut
828 1390 1066 1469 putabis.
1085 1388 1199 1448 dat.
1230 1408 1362 1449 χιι.
1432 1444 1437 1449 .

160 1474 281 1536 kal.
308 1482 459 1556 Sept.
1273 1488 1312 1521 Ρ

391 1665 645 1708 menno
685 1668 951 1707 ATrtco
1001 1668 1144 1709 SAL.

89 1765 141 1813 17
177 1792 185 1799 ,
259 1740 347 1791 De
364 1734 577 1806 Quinto
598 1734 766 1793 fratre
783 1736 968 1793 nuntii
991 1738 1151 1793 nobis
1171 1732 1367 1810 tristes,

171 1841 275 1879 nec
297 1820 459 1893 varii,
490 1835 758 1879 venerant
780 1840 852 1879 ex
890 1836 1018 1879 ante
1047 1821 1188 1879 diem
1221 1839 1364 1883 nom·

168 1915 307 1983 Jun.
332 1903 500 1982 usque
516 1906 581 1965 ad
600 1906 743 1986 prid.
764 1906 880 1965 kal.
899 1914 1044 1986 Sept.
1089 1926 1156 1965 eo
1187 1923 1368 1967 autem

172 1993 261 2051 die
283 1992 587 2065 Livineius,
604 2000 664 2051 M
678 2037 692 2052 .
710 1992 904 2069 Reguli
917 1993 1165 2064 libertus,
1199 1993 1265 2051 ad
1281 2014 1371 2052 me

175 2100 209 2137 a
223 2075 429 2154 Regulo
452 2076 636 2136 miffus
651 2081 825 2138 venit.
856 2080 903 2135 is
921 2081 1156 2138 omnino
1169 2081 1370 2138 menti·

180 2182 339 2223 onem
370 2163 577 2221 nullam
598 2164 791 2223 fastam
814 2162 919 2223 esse
950 2168 1252 2223 nuntiavit:
1277 2164 1368 2225 sed
1424 2225 1435 2231 ,

180 2247 323 2309 fuisse
338 2264 519 2307 tamen
548 2248 849 2309 sermonem
868 2250 1017 2333 dec:
1037 2250 1366 2313 clodiifflio:

182 2334 324 2413 isque
334 2336 467 2393 mihi
490 2350 605 2395 tum
620 2356 649 2394 a
665 2334 833 2395 fratre
846 2334 1030 2395 literas
1047 2337 1249 2397 attulit.
1279 2336 1367 2398 sed

185 2419 433 2500 postridie
454 2423 627 2479 Sextii
646 2424 801 2499 pueri
824 2438 1116 2494 venerunt,
1147 2426 1242 2501 qui
1265 2446 1296 2482 a
1314 2440 1369 2497 tc

184 2507 357 2568 literas
380 2506 703 2585 attulerunt,
724 2528 845 2567 non
868 2523 982 2567 tam
1002 2510 1312 2589 exploratas
1335 2526 1369 2568 a

798 2602 848 2653 G
