1734 3067
341 127 928 219 Afia‘r‘rmum
955 162 1076 219 Lm.
1103 166 1238 223 vn.
1283 177 1400 243 355

196 265 297 329 etfi
311 270 501 333 vivete
522 313 536 329 .
559 311 574 328 .
598 311 613 328 .
638 267 793 349 quod
816 270 1058 349 quaeris,
1079 272 1170 329 hic
1185 271 1320 350 quid
1335 293 1395 331 a-

195 371 363 433 gatur
380 377 399 415 ε
430 370 549 415 tota
566 362 774 435 Capua,
808 372 867 415 et
897 358 1086 415 omnis
1109 358 1200 415 bic
1213 356 1394 419 delec-

196 457 293 501 tus
308 441 479 519 jacet.
524 438 803 521 desperata
816 440 904 501 res
919 438 1015 514 est3
1044 445 1104 501 in
1126 442 1253 521 fuga
1273 464 1395 503 om·

196 548 301 587 nes
322 525 471 600 sunt3
510 526 612 589 nifi
642 526 777 607 quid
812 527 1080 607 ejusmodi
1117 528 1302 603 fuerit,
1333 546 1396 591 ut

197 608 497 698 Pompeius
510 614 635 675 istas
659 616 897 675 Domitii
922 617 1112 694 copias
1142 636 1266 674 eum
1283 614 1395 676 suis

192 701 329 777 conj
337 715 531 778 ungat.
574 698 665 761 sed
680 700 1002 761 videbamur
1017 702 1204 761 omnia
1224 701 1398 761 biduo

192 784 457 845 triduove
478 784 685 846 scituri.
735 785 982 850 Caesaris
997 787 1278 847 literarum
1293 808 1394 847 ex·

190 872 436 950 emplum
448 866 557 933 'tibi
579 872 717 932 misia
736 894 962 951 rogaras
985 875 1156 934 enim:
1175 875 1264 932 cui
1284 892 1394 933 nos

190 956 357 1019 valde
372 957 677 1018 satisfacere
684 961 845 1019 multi
859 959 930 1019 ad
943 979 1031 1020 me
1044 958 1394 1039 scripseruntt

190 1040 349 1123 quod
372 1046 555 1124 patior
574 1044 753 1123 facile,
766 1044 922 1123 dum,
947 1062 1012 1106 ut
1025 1047 1224 1123 adhuc,
1251 1045 1393 1107 nihi}

184 1129 387 1191 faciam
402 1132 657 1219 turpiter,

428 1322 689 1365 exer-no
720 1324 983 1369 arrico
1019 1324 1169 1371 sax..

103 1406 181 1461 24
282 1388 565 1455 Philotimi
580 1390 771 1451 literae
798 1413 888 1453 me
915 1392 1136 1471 quidem
1157 1412 1276 1453 non
1300 1392 1389 1453 ni·

190 1477 325 1552 mia,
340 1472 429 1535 sed
443 1498 564 1553 eos,
580 1478 677 1556 qui
691 1480 752 1537 in
766 1480 853 1539 his
864 1478 1006 1539 locis
1021 1478 1389 1554 erant,admo·

184 1561 319 1622 dum
341 1561 696 1624 delectarunt.
734 1584 861 1626 ecce
884 1563 1136 1645 postridie
1151 1564 1280 1624 Cass
1283 1567 1304 1623 i
1325 1565 1390 1625 li·

184 1663 337 1708 tei-ae
360 1654 569 1730 Capua,
606 1671 639 1708 a
660 1652 945 1726 Lucretio,
959 1650 1214 1711 familiari
1241 1651 1388 1728 ejus,

185 1736 470 1819 Nigidium
486 1756 518 1795 a
532 1738 791 1797 Domitio
813 1742 1058 1817 Capuam
1077 1735 1352 1808 venisse-e

182 1839 278 1881 um
294 1822 494 1898 dicere,
517 1818 831 1885 Vibullium
844 1843 968 1881 cnm
984 1824 1168 1901 paucis
1195 1823 1387 1883 militi·

181 1906 287 1966 bus
308 1929 341 1967 e
368 1911 571 1968 Piceno
591 1928 809 1969 currere
842 1908 916 1968 ad
938 1914 1204 1983 Gnaeum,
1243 1930 1388 1971 con·

180 1991 358 2052 festim
398 1994 547 2073 sequi
568 1993 880 2069 Caesarem,
917 1996 1232 2053 Domitium
1259 2012 1382 2055 non

177 2080 381 2139 habere
402 2082 636 2141 militum
674 2102 774 2143 ιιι
808 2080 999 2140 millia.
1045 2080 1188 2140 idem
1219 2080 1384 2161 scrip·

174 2163 243 2223 fit
260 2165 526 2226 Consules
550 2174 739 2249 Capua
760 2164 1055 2228 diseeffiffe.
1081 2186 1201 2226 nou
1219 2167 1383 2227 dubi·

176 2264 243 2309 to
265 2255 403 2331 quin
416 2257 667 2313 Gnaeus
650 2276 711 2313 m
726 2254 854 2332 fuga
885 2252 970 2327 fit,
997 2252 1167 2312 modo
1180 2252 1381 2331 effugi-

172 2350 256 2487 ἔτ.
303 2359 337 2399 a
354 2339 585 2403 confilio
600 2340 879 2421 fugiendi,
889 2356 952 2400 ut
970 2354 1030 2401 tu
1043 2337 1258 2419 censes,
1281 2342 1380 2402 ab·

202 2444 315 2485 um.
