1734 3067
303 100 424 157 410
525 102 698 145 must.
725 106 804 147 Al>
827 106 1013 147 Arne.
1038 106 1145 149 ΠΒ.
1176 108 1300 149 vm.

301 184 410 259 est,
455 204 624 264 quam
660 184 700 245 fi
723 186 890 247 alium
930 184 1109 247 facere
1148 190 1519 267 prohibuerit.

301 274 454 331 hunc
492 274 796 351 propitium
843 272 1085 352 sperant,
1118 274 1275 333 illum
1314 276 1522 333 iratum

305 372 528 437 putant.
577 377 715 436 quas
753 356 873 415 fieri
912 356 1099 417 censes
1136 369 1427 425 ἀσωτία-εις
1450 378 1527 419 ex

305 442 558 523 oppidis?
579 464 722 521 quos
739 444 1015 503 honores?
1042 460 1321 518 metuunt,
1336 447 1527 525 inqui-

307 550 391 587 es:
433 528 624 601 credo;
673 526 767 589 sed
805 530 1117 589 mehercule
1138 530 1297 589 illum
1320 532 1523 607 magis.

307 616 475 691 hujus
523 612 774 674 infidiosa
809 613 1105 674 clementia
1140 616 1522 675 delcetantur:

308 701 462 759 illius
510 701 853 761 iracundiam
906 700 1231 761 formidant.
1294 702 1523 777 Judices

315 808 358 847 n
375 808 406 847 c
419 807 450 846 c
463 806 496 846 c
509 807 572 861 ι,
588 786 683 867 qui
701 789 990 868 praecipue
1008 794 1199 846 Gnaeo
1224 788 1419 846 nostro
1432 788 1526 846 de-

311 874 624 933 leuabantu
632 895 679 947 r,
703 893 774 931 ex
797 875 1003 952 quibus
1019 872 1267 953 quotidie
1280 872 1529 951 aliquem

311 958 499 1033 video,
509 956 688 1018 nescio
706 978 844 1038 quas
860 959 979 1037 ejus
997 959 1251 1019 Lucerias
1265 960 1527 1021 horrent.

311 1048 503 1124 itaque
541 1065 772 1123 quaero,
809 1048 907 1125 qui
939 1043 1049 1105 fint
1084 1043 1168 1105 isti
1198 1046 1531 1123 optimates»,

313 1132 414 1212 qui
427 1152 516 1191 me
538 1132 859 1207 exturbent,
882 1137 1009 1191 cum
1027 1129 1123 1210 ipfi
1147 1129 1303 1189 domi
1331 1150 1529 1191 mane·

315 1232 436 1279 ant.
485 1215 576 1277 sed
591 1233 800 1291 tamen,
815 1219 1133 1297 quicunque
1146 1214 1295 1292 sunt,
1310 1220 1526 1287 ἁιεέομαι
1622 1210 1628 1213 ’
1722 1204 1724 1288 j

317 1316 489 1379 τρᾶας.
535 1302 654 1379 etfi,
690 1323 801 1383 qua
831 1302 925 1383 spe
955 1299 1288 1384 proficiscar,
1324 1300 1525 1375 video;

315 1391 724 1469 conjungoque
753 1409 841 1449 me
865 1410 993 1449 cum
1022 1390 1249 1448 homine
1264 1388 1442 1463 magis
1460 1385 1532 1447 ad

317 1474 636 1537 vastandam
653 1473 891 1552 Italiam,
918 1496 1082 1554 quarn
1104 1474 1172 1533 ad
1189 1472 1531 1533 vincendum

319 1578 553 1643 paratos
594 1560 847 1635 demum,
890 1581 1055 1640 quem
1086 1562 1321 1639 expeeto
1342 1601 1371 1624 .,
1390 1600 1407 1617 .
1427 1599 1449 1617 ,.
1473 1572 1532 1617 et

321 1648 698 1727 quidem‚cum
715 1650 848 1706 haec
879 1646 1179 1707 scribebam
1206 1664 1293 1704 ιν.
1318 1662 1531 1721 nonae,

319 1736 438 1813 jam
482 1734 833 1814 expetitabam
873 1730 1081 1811 aliquid
1116 1752 1151 1789 a
1188 1727 1527 1789 Brundusio·

327 1820 462 1898 quid
479 1835 660 1879 autem
684 1818 921 1897 aliquid?
956 1838 1121 1896 quam
1136 1815 1267 1874 inde
1296 1817 1535 1893 turpiter

325 1904 564 1983 fugisset,
593 1921 650 1963 et
672 1906 848 1963 vietor
864 1905 957 1964 hic
984 1906 1093 1982 qua
1126 1900 1177 1961 se
1200 1900 1452 1977 referret,
1481 1916 1537 1961 et

323 1996 472 2071 quo.
491 1992 642 2070 quod
661 1991 754 2049 ubi
769 1987 1047 2060 audiss'em3
1068 1986 1107 2047 fi
1122 1986 1217 2047 ille
1238 1988 1427 2071 Appia
1442 2007 1536 2049 ve-

325 2081 500 2155 niret,
515 2098 618 2157 ego
637 2076 912 2160 Arpinum
928 2076 1263 2155 cogitabam.
