1734 3067
298 163 421 217 AD
451 158 888 217 ATTICUM
917 162 1220 219 Lmvm.
1266 160 1374 238 383

162 256 325 318 mihil
339 255 575 315 foedius,
612 256 762 333 quod
780 260 1021 337 quaeris,
1036 261 1167 338 quid
1185 260 1382 322 Caesar

176 344 251 403 ad
280 358 369 405 me
418 339 705 421 scripseritz
736 344 892 419 quod
923 344 1110 425 saepe:
1154 348 1379 423 gratiffi-
1425 380 1436 391 -

176 450 333 489 mum
348 427 441 486 fibi
456 425 583 501 esse,
612 428 767 505 quod
778 432 1030 507 quietim:
1048 449 1302 511 oratque,
1321 437 1380 494 in

162 536 253 577 ·eo
284 528 347 572 ut
376 511 733 592 perseverem.
792 515 995 575 Balbus
1028 521 1212 577 minor
1247 523 1380 580 haee

180 599 374 663 eadem
398 598 673 663 mandata.
718 602 1011 661 iterantem
1034 604 1154 679 ejus
1175 622 1290 664 erat
1311 606 1381 666 ad

184 684 485 747 Lentulum
502 683 777 746 consulem
793 708 915 746 cum
929 688 1102 747 literis
1119 689 1382 767 Caesaris,

185 773 673 852 >praemiorumque
717 773 981 851 promissis
1003 816 1020 847 ,
1061 772 1101 833 fi
1147 782 1384 837 Romam

188 854 513 919 tevertiffet.
558 877 751 917 verum
772 878 895 918 cum
919 864 1094 919 habeo
1111 863 1384 923 rationem

186 944 422 1016 dierum,
451 958 581 1003 ante
592 959 729 1021 puto
743 942 1187 1021 transmiffurum,
1220 968 1386 1026 quam

188 1031 435 1109 potuerit
460 1031 772 1090 conveniri.
836 1032 1188 1111 epistolarum
1218 1041 1386 1094 Pom·

190 1116 305 1193 peii
328 1108 579 1188 duarum,
594 1136 731 1193 quas
746 1114 815 1175 ad
828 1138 916 1175 me
923 1117 1088 1191 mifit,
1105 1119 1388 1196 negligen-

191 1202 351 1274 tiam,
363 1221 642 1279 meamque
664 1204 724 1259 in
743 1200 1028 1263 scribendo
1041 1204 1387 1282 diligentiam

190 1286 351 1347 volui
374 1289 471 1346 tibi
500 1302 692 1346 notam
717 1287 839 1347 effiet
857 1310 1042 1349 earum
1057 1292 1306 1371 exempla
1319 1292 1389 1353 ad

193 1388 255 1433 te
282 1371 417 1434 mifi.
482 1372 727 1435 Caesaris
764 1378 857 1434 hic
887 1398 984 1455 per
1023 1376 1278 1457 Apuliam
1317 1378 1388 1438 ad

194 1457 555 1519 Brundusium
580 1458 765 1519 cursus
788 1461 926 1539 quid
953 1462 1169 1537 efficiat,
1191 1484 1392 1543 expec-

186 1560 283 1607 to.
303 1548 513 1609 utinam
526 1545 732 1624 aliquid
748 1545 915 1606 fimile
928 1550 1190 1608 Parthicis
1205 1552 1389 1612 rebuS.

186 1630 353 1695 fimul
375 1631 583 1709 aliquid
602 1632 849 1707 audiero,
871 1633 1098 1695 scribam
1121 1635 1187 1693 ad
1207 1651 1283 1695 te.
1327 1652 1391 1696 tu

194 1717 273 1777 ad
286 1738 375 1777 me
394 1718 557 1779 velim
571 1720 845 1780 bonorum
860 1719 1154 1781 sermones.
1184 1728 1394 1783 Romae

192 1802 517 1882 frequentes
530 1802 632 1865 effe
652 1805 926 1865 dicuntur.
974 1806 1086 1867 seio
1116 1808 1392 1886 equidem,

192 1902 261 1950 te
282 1890 341 1949 in
372 1890 649 1970 publicum
679 1912 799 1952 non
826 1893 1067 1971 prodiret
1099 1892 1190 1953 sed
1213 1910 1396 1956 tamen

200 1974 391 2037 audire
416 1987 470 2035 t‘e
497 1976 691 2051 multa,
714 1977 920 2037 neceffe
941 1978 1034 2039 est.
1079 1980 1305 2039 memini
1328 1979 1397 2041 li·

194 2063 365 2121 -brum
394 2063 495 2123 tibi
517 2060 697 2125 afferri
718 2084 750 2123 a
772 2068 1057 2125 Demetrio
1095 2072 1393 2142 Magnete,

204 2147 279 2205 ad
304 2163 358 2207 te
392 2146 626 2221 mlffilm,
658 2159 761 2224 περὶ
794 2160 1050 2220 Ο”μονσιάς.
1097 2172 1218 2210 eum
1260 2155 1396 2213 mihi

200 2233 375 2295 velim
396 2235 602 2297 mittas·
622 2236 797 2313 vides,
816 2256 981 2317 quam
997 2236 1206 2300 causam
1223 2238 1396 2299 medi·

194 2334 313 2379 vter-
