1734 3067
352 149 464 227 378
620 144 1280 205 EPISTOLARUM

349 245 441 307 sed
474 260 656 303 tamen
692 241 847 319 figna
875 240 1328 315 conturbantur,
1353 238 1566 320 quibua

351 331 619 393 voluntas
642 350 675 387 a
706 326 1048 387 simulatione
1061 324 1324 403 distingui
1360 322 1564 407 poffet.

355 438 497 497 quae
522 434 657 475 vero
669 411 1162 473 senatus-consulta
1176 412 1382 473 video?
1403 410 1498 471 sed
1511 430 1568 467 a·

354 505 585 583 pertius,
608 522 773 580 quam
796 497 1203 580 proposueram.
1251 519 1366 577 ego
1401 496 1570 575 Arpi-

356 592 417 647 ni
454 587 589 647 volo
626 586 729 645 esse
751 586 928 664 pridie
951 584 1062 644 kal.
1110 584 1319 644 deinde
1352 586 1570 645 circum

357 672 575 733 villulas
592 671 803 731 nostras
818 692 1017 745 errare,
1053 690 1190 748 quas
1206 669 1466 730 visurum
1482 686 1570 727 me

357 758 540 841 postea
564 756 859 838 desperavi.
907 765 1058 828 ἔυγενῦ
1082 772 1175 815 tua
1207 755 1468 831 confina,
1511 766 1568 811 et

358 859 539 905 tamen
556 866 659 925 pro
674 845 1014 923 temporibus
1032 863 1152 901 non
1169 846 1418 916 incauta,
1433 842 1570 907 mihi

358 931 519 991 valde
534 934 860 1011 probantur.
907 930 1120 1009 Lepido
1141 931 1368 1009 quidem
1399 930 1568 1001 (nam

358 1016 475 1077 stre
488 1028 904 1092 συνδιημερεύομενξ
931 1015 1084 1095 quod
1099 1016 1462 1094 gratiffimuln
1489 1016 1570 1077 illi

360 1102 437 1162 est
462 1108 489 1179 )
518 1124 802 1183 nunquam
832 1103 1037 1183 placuit
1071 1122 1144 1161 ex
1174 1102 1338 1161 Italia
1371 1107 1566 1177 exire3

363 1190 543 1249 Tullo
570 1190 750 1249 multo
773 1190 979 1248 nunus·
1027 1191 1223 1249 crebro
1243 1191 1398 1248 enim
1423 1191 1572 1249 illius

362 1275 553 1335 literae
575 1278 645 1335 ab
666 1276 785 1335 aliis
800 1275 871 1335 ad
887 1294 998 1334 nos
1017 1290 1356 1336 commeant.
1376 1275 1469 1335 sed
1483 1296 1575 1335 me

364 1360 591 1421 illorum
615 1356 914 1421 sententiae
929 1363 1112 1421 minus
1130 1363 1458 1421 movebantz
1469 1364 1572 1421 mi·-

366 1468 475 1509 nus
490 1447 665 1507 multa
680 1446 944 1509 dederant
971 1446 1052 1507 illi
1078 1447 1434 1529 Reipublicae
1450 1451 1572 1528 pig-

368 1554 533 1595 nora.
580 1549 677 1593 tua
712 1533 1024 1593 mehercule
1067 1534 1366 1594 aucloritas
1405 1538 1572 1595 vehe-

368 1636 582 1681 menter
596 1635 805 1679 movet:
824 1618 984 1679 affert
996 1622 1142 1679 enim
1157 1636 1214 1679 et
1223 1620 1420 1699 reliqui
1439 1637 1575 1681 tem·

369 1708 527 1787 poris
558 1706 916 1787 recuperandi
939 1709 1210 1766 rationem
1215 1724 1302 1781 ‚et
1318 1706 1576 1785 praesen-

374 1794 447 1851 tis
474 1793 688 1853 tuendi.
717 1790 1063 1867 sed,obsecro
1086 1808 1160 1867 te,
1179 1792 1313 1870 quid
1339 1797 1454 1852 hoc
1475 1795 1577 1853 mi·

376 1876 568 1952 serius,
606 1898 773 1957 quam
796 1877 1023 1943 alterum
1041 1877 1260 1958 plausus
1291 1880 1352 1936 in
1381 1876 1578 1937 foedis·

376 1960 510 2021 fima
545 1962 703 2023 causa
734 1984 1014 2043 quaerere,
1059 1964 1288 2023 alterum
1319 1964 1576 2025 offenfio·

380 2066 483 2109 nes
498 2050 558 2108 in
582 2050 823 2129 optima?
860 2050 1088 2109 alterum
1121 2049 1420 2111 existimari
1444 2070 1578 2112 con-

381 2134 711 2196 servatorem
740 2138 1113 2211 inimicorum,
1149 2138 1382 2196 alterum
1415 2136 1582 2199 deser-

383 2237 563 2283 torem
591 2224 920 2282 amicorum?
934 2240 992 2282 et
1014 2225 1316 2283 mehercule
1329 2226 1580 2302 quamvis

384 2328 627 2367 amemus
642 2316 886 2368 Gnaeum
903 2310 1166 2383 nostrum;
1185 2325 1249 2367 ut
1263 2324 1321 2367 et
1332 2306 1580 2385 facimus,

387 2410 445 2453 et
466 2394 720 2454 debemus
726 2419 744 2469 3
760 2412 941 2455 tamen
957 2400 1084 2469 hoc,
1117 2395 1269 2475 quod
1287 2394 1487 2455 talibus
1503 2400 1578 2457 vi-

386 2479 465 2537 ria
481 2500 598 2539 non
633 2480 908 2558 subvenit,
937 2481 1158 2542 laudare
1195 2500 1317 2541 non
1348 2481 1572 2564 poffum.
