1734 3067
324 114 445 175 400
634 98 1293 159 EPISTOLARUM

298 198 736 275 -nnimosfacere
752 200 1166 281 poss'umuieque
1180 220 1253 258 ex
1267 200 1536 262 omnibns

320 288 541 365 oppidis
566 287 893 347 contrahere
917 288 1107 365 copias
1139 285 1404 365 expedit;
1457 308 1536 346 ne

320 388 597 449 receptum
622 375 892 431 amittam.
939 374 1124 450 itaque
1141 392 1260 430 non
1291 372 1534 450 amplius

317 476 428 517 xlv
444 462 703 518 cohortes
724 460 1008 517 Luceriam
1031 459 1214 533 coe’gi.
1249 458 1534 517 consules

316 542 577 621 praefidia
602 546 791 604 omnia
820 544 1102 601 deducruri
1137 542 1284 619 sunt,
1329 558 1426 601 aut
1467 547 1530 605 in

316 630 553 689 Siciliam
598 632 749 689 ituri.
796 650 924 688 nam
953 644 1051 687 aut
1083 632 1390 689 exercitum
1427 628 1528 689 fir-

317 732 467 773 mum
506 718 705 775 habere
741 731 1000 793 oportet,
1039 734 1154 793 quo
1171 714 1528 776 confidamus

316 820 661 881 perrumpere
676 822 783 861 nos
800 800 968 876 poffe3
987 816 1080 859 aut
1098 803 1356 877 regiones
1378 801 1528 878 ejus·

315 887 467 947 modi
484 889 758 963 obtinere,
774 908 805 945 e
828 889 1030 964 quibus
1053 907 1441 966 repugnemus,
1465 888 1527 949 id

318 973 473 1051 quod
487 990 742 1032 neutrum
774 975 938 1031 nobis
971 974 1078 1031 hoc
1109 988 1356 1050 tempore
1380 994 1526 1033 con·

318 1060 511 1135 tingite
542 1059 694 1139 quod
710 1074 767 1118 et
797 1079 1052 1135 magnam
1084 1076 1293 1136 partem
1325 1060 1526 1120 Italiae

318 1144 514 1203 Caesar
530 1148 845 1224 occupavit:
886 1159 942 1202 et
972 1164 1076 1203 nos
1101 1164 1220 1203 non
1253 1145 1526 1207 habemus

316 1233 621 1290 exercitum
639 1247 751 1289 tam
768 1230 1213 1310 amplum,neque
1230 1246 1342 1289 tam
1361 1250 1518 1309 mag·

316 1336 475 1388 num,
492 1335 653 1396 quam
680 1316 793 1377 ine.
824 1318 1012 1395 itaque
1035 1317 1198 1375 nobis
1212 1316 1520 1395 providen-

314 1403 448 1462 dum
478 1402 573 1474 est,
598 1418 660 1461 ut
684 1401 940 1463 summam
967 1402 1314 1481 Reipublicae
1345 1405 1522 1463 ratio·-

318 1509 448 1549 nem
490 1490 803 1548 habeamus.
852 1492 1015 1547 etiam
1053 1504 1219 1565 atque
1255 1489 1424 1546 etiam
1463 1504 1522 1549 te

310 1578 532 1648 hortor,
570 1589 634 1633 ut
670 1596 795 1633 cum
834 1576 990 1633 omni
1027 1574 1188 1651 copia
1227 1576 1518 1652 quampri-

313 1680 463 1719 mum
474 1661 541 1719 ad
556 1680 643 1719 me
658 1662 868 1720 venias.
887 1660 1164 1739 poffumus
1179 1660 1342 1717 etiam
1361 1680 1520 1721 nunc

314 1746 731 1827 Rempublicam
748 1748 974 1823 erigere,
997 1744 1036 1804 fi
1061 1746 1348 1803 communi
1373 1766 1518 1805 con·

309 1830 431 1891 filio
454 1833 738 1909 negotium
756 1830 1275 1891 administrabimus:
1309 1828 1388 1889 fin
1405 1830 1516 1891 dis·

310 1921 608 1993 trahemur,
628 1916 831 1977 infirmi
846 1919 1068 1977 erimus.
1085 1917 1222 1975 mihi
1241 1918 1352 1977 hoc
1375 1938 1517 1977 con-

309 2000 553 2064 stitutum
576 2002 674 2063 est.

399 2093 505 2150 His
526 2090 701 2148 literis
717 2086 952 2168 scriptis,
977 2090 1094 2147 Sica
1109 2108 1140 2146 a
1165 2104 1218 2147 te
1233 2090 1368 2149 mihi
1383 2090 1515 2149 lite·-

311 2196 399 2235 ras
416 2175 601 2235 attulit
616 2188 672 2233 et
688 2175 968 2233 mandata.
987 2174 1140 2252 quod
1157 2196 1244 2233 me
1259 2180 1514 2251 hortare,

308 2276 374 2319 ut
387 2260 519 2321 istuc
550 2260 787 2334 veniam,
822 2260 880 2318 id
903 2280 990 2319 me
1019 2259 1193 2319 facere
1212 2282 1332 2319 non
1362 2263 1513 2320 arbi-

307 2360 427 2403 tror
454 2344 623 2424 poile3
658 2346 809 2421 quod
832 2366 954 2407 non
969 2365 1306 2429 magnopere
1323 2349 1414 2409 his
1427 2346 1514 2411 1e÷

298 2430 563 2505 donibus
578 2428 829 2495 confido.
