1734 3067
321 168 438 227 300
591 152 1245 210 EPISTOLARUM

319 266 404 321 ea,
419 264 558 325 quae
573 248 794 324 venem,
821 248 891 309 de
907 250 1141 309 allevato
1172 268 1415 329 corpore
1432 264 1539 312 tuo

323 335 626 407 nuntiaret3
660 335 992 395 cohorruisse
1020 350 1201 395 autem
1232 357 1347 411 me,
1376 338 1539 416 quod

323 434 446 479 tuae
469 420 656 479 literae
672 421 742 480 de
759 421 1071 499 legionibus
1096 419 1345 481 Caesaris
1366 422 1541 483 affer-

324 521 474 577 rent3
493 524 550 565 et
571 505 733 585 egisse
753 524 956 583 tecum,
970 525 1035 568 ut
1049 509 1287 583 videres,
1303 530 1379 569 ne
1396 510 1539 589 quid

321 600 558 663 murima
575 596 717 673 ejue,
732 614 896 672 quem
914 594 1081 671 nosti,
1096 596 1257 655 nobis
1275 612 1536 672 nocenet;

325 680 391 739 de
410 701 525 758 quo
539 681 658 757 jam
675 682 887 761 pridem
906 681 975 741 ad
992 696 1045 741 te
1062 679 1538 761 scripseram.Tu-

325 768 556 826 tannius
571 784 750 827 autem
775 766 929 827 secus
952 769 1053 828 tibi
1075 766 1367 829 Brundufii
1382 768 1541 829 dixe-

325 870 432 925 rat3
459 854 612 933 quod
645 875 716 915 ex
739 856 808 913 iis
827 854 1007 914 literis
1036 856 1309 932 cognovi,
1334 875 1481 934 quas
1504 877 1540 915 n

325 948 564 999 Xenone
579 943 794 1021 optimo
809 942 937 1001 viro
956 943 1159 1021 accepi.
1192 961 1289 1000 cur
1304 940 1537 1002 fratrem

325 1030 646 1108 provinciae
660 1046 779 1089 non
793 1026 1157 1106 praefecissem
1172 1026 1404 1106 exposui
1414 1030 1539 1089 bre-

325 1118 488 1174 viter.
511 1116 644 1174 haec
665 1114 778 1178 fere
793 1111 923 1173 sunt
944 1116 1004 1174 in
1020 1113 1113 1173 illa
1126 1112 1535 1194 epistola.nune

325 1202 452 1261 audi
477 1201 703 1281 reliqua.
751 1221 852 1281 per
878 1200 1155 1275 fortunas,
1192 1220 1421 1261 omnem
1444 1216 1535 1261 tu-

327 1310 420 1347 um
451 1308 716 1363 amorem,
741 1308 858 1367 quo
888 1308 979 1348 me
999 1309 1061 1348 es
1076 1286 1387 1367 amplexus,
1408 1308 1537 1347 om-

327 1395 562 1455 nemque
584 1390 732 1435 tuam
749 1374 1122 1455 prudentiam,
1136 1394 1300 1453 quam
1314 1378 1537 1435 meher-

328 1462 447 1522 cule
467 1464 528 1521 in
553 1463 707 1523 omni
729 1482 933 1540 genere
964 1461 1159 1541 judico
1180 1458 1536 1539 singularem,

329 1548 520 1608 confer
547 1569 599 1609 te
623 1547 692 1608 ad
707 1568 826 1611 eam
850 1569 1064 1624 curam,
1078 1562 1142 1609 ut
1155 1546 1223 1605 de
1244 1547 1407 1605 omni
1435 1546 1537 1607 sta-

329 1652 388 1695 tu
405 1657 530 1702 meo
545 1638 774 1713 cogites.
821 1632 1007 1695 videre
1024 1637 1172 1695 enim
1185 1634 1322 1693 mihi
1335 1632 1539 1693 videon·

329 1738 540 1787 tantam
564 1723 973 1783 dimicationem
1006 1719 1136 1792 (nifi
1165 1717 1312 1779 idem
1350 1726 1539 1797 DeuS,

329 1810 425 1888 qui
448 1829 554 1869 nos
578 1808 740 1870 meliu
748 1829 963 1887 s,quam
980 1824 1173 1889 optare
1186 1805 1541 1884 andei-emm,

330 1884 589 1957 Parthico
599 1894 744 1955 bello
760 1895 1035 1970 liberavit,
1052 1892 1349 1975 respexerit
1366 1898 1543 1953 Rem·

328 1981 630 2067 publicam)
670 1998 879 2063 quanta
908 2001 1195 2061 nunquam
1217 1978 1343 2039 fiait.
1409 2000 1541 2057 age,

327 2074 436 2131 hoc
451 2066 656 2127 malum
678 2070 814 2127 mihi
837 2087 1137 2129 commune
1158 2062 1234 2126 est
1258 2086 1385 2127 cum
1412 2086 1541 2126 om-

327 2160 516 2221 nibus.
533 2155 674 2217 nihil
689 2156 787 2215 tibi
800 2154 1031 2231 mando,
1040 2169 1105 2215 ut
1118 2153 1187 2213 de
1206 2170 1279 2213 eo
1298 2154 1541 2229 cogites.

326 2244 462 2305 illud
484 2264 666 2303 meum
697 2243 983 2322 proprium
1010 2250 1281 2315 σρόςλημει,
1304 2237 1543 2319 quaeso,

325 2327 550 2408 suscipe.
566 2325 810 2401 videsne,
820 2343 883 2385 ut
900 2343 955 2386 te
970 2330 1191 2385 auctore
1205 2322 1300 2386 fim
1316 2338 1540 2385 utrum-

325 2434 434 2493 que
449 2412 805 2493 complexus?
825 2432 889 2472 ac
906 2412 1102 2475 vellem
1118 2433 1151 2470 a
1173 2411 1455 2493 principio
1479 2424 1545 2479 te

325 2496 526 2563 audissb
543 2498 851 2563 amiciffime
872 2512 1229 2579 monentem,

1714 1743 1734 2011 „AE'
