1734 3067
328 157 457 211 AD
479 154 914 213 ATTICUM
939 156 1060 212 Lu.
1095 158 1199 213 IV.
1269 156 1372 229 163

168 272 205 311 a
232 250 351 311 tuis
364 252 623 331 arbitror,
652 252 924 312 autetiam
953 253 1170 313 nuntiis
1199 273 1264 313 ac
1285 272 1376 313 ru-

166 358 333 397 more
349 337 771 417 perlata,tamen
789 358 851 397 ea
883 339 1170 399 inscribam
1199 340 1380 411 brevi,

170 442 319 502 quae
339 438 395 483 te
422 439 561 504 puto
580 423 906 504 potiffimum
949 446 1021 485 ex
1041 427 1178 485 meis
1207 424 1382 483 literis

170 506 319 567 velle
362 508 719 586 cognoscere.
779 511 958 591 pridie
1005 530 1186 571 nonas
1225 516 1380 569 Sext.

174 598 496 673 Dyrrachio
529 594 645 655 sum
668 596 970 675 profestus,
999 594 1118 678 ipso
1141 596 1240 655 illo
1271 596 1384 670 die,

177 700 299 759 quo
334 679 433 741 lex
452 679 529 741 est
548 680 659 741 lata
688 682 757 742 de
784 685 974 745 nobis.
1021 679 1385 743 Brundusium

176 767 319 826 veni
340 768 510 827 nonis
534 775 687 829 Sext.
730 769 809 828 ibi
836 771 972 829 mihi
995 768 1243 829 Tulliola
1265 786 1388 827 mea

178 851 537 934 fuitpraesto,
562 854 735 916 natali
756 852 855 914 suo
875 853 992 939 ipso
1009 854 1118 929 die,
1149 855 1248 934 qui
1263 851 1389 913 casu

178 939 335 999 idem
354 940 555 999 natalis
569 956 687 1001 erat
698 956 755 1000 et
778 940 1147 1004 Brundusmae
1169 940 1388 1001 coloni·

181 1046 271 1103 ae,
289 1042 349 1087 et
364 1042 487 1085 tuae
505 1028 720 1087 vicinae
736 1026 960 1087 Salutis.
1007 1046 1148 1107 quae
1165 1046 1252 1085 res
1266 1026 1388 1087 ani·

182 1110 471 1173 madversa
506 1134 540 1172 a
574 1112 948 1188 multitudine,
979 1111 1184 1173 summa
1207 1118 1389 1171 Brun-

184 1198 507 1259 dufinorum
516 1199 882 1275 gratulatione
903 1201 1174 1259 celebrata
1185 1196 1276 1259 est.
1295 1218 1392 1257 an·

170 1300 243 1345 'te
258 1285 409 1347 diem
433 1305 499 1345 v1
523 1286 599 1346 id.
619 1294 772 1346 Sext.
792 1287 1192 1363 cognovi‚cum
1209 1292 1388 1343 Brun·

186 1371 327 1433 dufii
350 1369 537 1448 essem,
557 1372 733 1433 literis
764 1373 966 1449 Quinti
990 1371 1196 1445 fratris,
1197 1368 1392 1429 mirifi-

187 1478 259 1521 co
283 1456 465 1519 studio
502 1460 754 1519 omnium
783 1474 1024 1519 aetatum
1039 1474 1206 1538 atque
1239 1456 1392 1517 ordi·

187 1565 353 1619 num,
372 1545 679 1605 incredibili
704 1542 972 1605 concursu
995 1544 1206 1618 Italiae,
1223 1544 1396 1620 legem

188 1632 436 1693 comitiis
460 1634 781 1691 centuriatis
802 1629 908 1691 elle
935 1631 1221 1711 perlatam.
1267 1629 1398 1691 inde

130 1744 141 1753 ·
190 1716 601 1779 aBrundufinis
614 1717 988 1778 honestiffunis
1013 1733 1269 1791 ornatus,
1293 1718 1397 1776 iter

190 1806 273 1863 ita
287 1804 418 1878 feci,
432 1820 495 1863 ut
524 1805 769 1885 undique
803 1804 874 1863 ad
896 1824 984 1863 me
1007 1824 1130 1865 cum
1155 1802 1396 1879 gratula-

194 1892 355 1950 tione
374 1890 543 1968 legati
570 1892 962 1951 convenerint.
1007 1890 1076 1951 ad
1107 1892 1298 1949 urbem
1319 1892 1400 1949 ita

193 1978 353 2051 veni,
382 1992 447 2035 ut
462 1997 625 2037 nemo
644 1976 811 2036 ullius
838 1977 1054 2037 ordinis
1091 1978 1262 2036 homo
1291 1998 1398 2035 no·

193 2063 523 2123 menclatori
536 2080 701 2123 notus
716 2062 908 2137 fuerit,
921 2065 1018 2142 qui
1033 2064 1166 2123 mihi
1179 2064 1399 2123 obviam

196 2171 321 2210 non
337 2152 579 2223 venerit,
607 2166 821 2229 praeter
840 2171 940 2209 eos
957 2152 1238 2222 inimicos,
1276 2151 1400 2228 qui-

196 2238 301 2295 bus
316 2236 377 2295 id
398 2234 571 2316 ipsum
588 2258 706 2296 non
721 2236 910 2295 liceret
939 2252 1036 2299 aut
1057 2234 1403 2311 diffimulare,

194 2338 291 2381 aut
318 2342 541 2400 negare.
568 2345 693 2383 cum
710 2322 970 2383 venissem
987 2323 1054 2381 ad
1067 2338 1284 2403 portam
1299 2328 1404 2381 Ca·

192 2430 403 2489 penam
419 2452 440 2485 ‚
490 2410 695 2485 gradus
729 2409 1058 2489 templorum
1101 2410 1168 2467 ab
1213 2406 1403 2467 infima

192 2497 355 2577 plebe
370 2496 631 2579 completi
644 2511 822 2556 erant.
848 2518 878 2555 a
903 2516 1010 2576 qua
1020 2492 1205 2577 plausu
1223 2496 1406 2555 maxi-
