<?xml version="1.0" encoding="UTF-8"?>
<!DOCTYPE html PUBLIC "-//W3C//DTD XHTML 1.0 Transitional//EN"
    "http://www.w3.org/TR/xhtml1/DTD/xhtml1-transitional.dtd">
<html xmlns="http://www.w3.org/1999/xhtml" xml:lang="en" lang="en">
 <head>
  <title>
</title>
<meta http-equiv="Content-Type" content="text/html;charset=utf-8" />
  <meta name='ocr-system' content='tesseract 3.04.00' />
  <meta name='ocr-capabilities' content='ocr_page ocr_carea ocr_par ocr_line ocrx_word'/>
</head>
<body>
  <div class='ocr_page' id='page_1' title='image "./mtulliiciceroni15unkngoog_0311.png"; bbox 0 0 1734 3067; ppageno 0'>
   <div class='ocr_carea' id='block_1_1' title="bbox 375 174 1413 253">
    <p class='ocr_par' dir='ltr' id='par_1_1' title="bbox 375 174 1413 253">
     <span class='ocr_line' id='line_1_1' title="bbox 375 174 1413 253; baseline 0.003 -20"><span class='ocrx_word' id='word_1_1' title='bbox 375 177 498 233; x_wconf 71' lang='lat' dir='ltr'><strong>AD</strong></span> <span class='ocrx_word' id='word_1_2' title='bbox 525 174 971 233; x_wconf 84' lang='lat' dir='ltr'>ATTICUM</span> <span class='ocrx_word' id='word_1_3' title='bbox 1008 176 1127 232; x_wconf 72' lang='lat' dir='ltr'><strong>Lm.</strong></span> <span class='ocrx_word' id='word_1_4' title='bbox 1157 176 1259 233; x_wconf 86' lang='lat' dir='ltr'><strong>VI.</strong></span> <span class='ocrx_word' id='word_1_5' title='bbox 1293 195 1413 253; x_wconf 83' lang='lat'><strong>297</strong></span> 
     </span>
    </p>
   </div>
   <div class='ocr_carea' id='block_1_2' title="bbox 182 264 1432 2595">
    <p class='ocr_par' dir='ltr' id='par_1_2' title="bbox 182 264 1432 2595">
     <span class='ocr_line' id='line_1_2' title="bbox 203 264 1422 349; baseline -0.001 -23"><span class='ocrx_word' id='word_1_6' title='bbox 203 264 398 328; x_wconf 81' lang='lat' dir='ltr'><strong>dentia</strong></span> <span class='ocrx_word' id='word_1_7' title='bbox 424 284 484 328; x_wconf 88' lang='lat' dir='ltr'><strong>et</strong></span> <span class='ocrx_word' id='word_1_8' title='bbox 507 270 866 349; x_wconf 82' lang='lat' dir='ltr'>temperantia</span> <span class='ocrx_word' id='word_1_9' title='bbox 888 266 983 342; x_wconf 88' lang='lat' dir='ltr'>est,</span> <span class='ocrx_word' id='word_1_10' title='bbox 1006 283 1063 327; x_wconf 85' lang='lat' dir='ltr'><strong>ct</strong></span> <span class='ocrx_word' id='word_1_11' title='bbox 1086 268 1327 345; x_wconf 84' lang='lat' dir='ltr'>hercule,</span> <span class='ocrx_word' id='word_1_12' title='bbox 1350 280 1422 330; x_wconf 84' lang='lat' dir='ltr'><strong>ut·</strong></span> 
     </span>
     <span class='ocr_line' id='line_1_3' title="bbox 203 354 1411 431; baseline 0.002 -18"><span class='ocrx_word' id='word_1_13' title='bbox 203 373 298 413; x_wconf 85' lang='lat' dir='ltr'><strong>me</strong></span> <span class='ocrx_word' id='word_1_14' title='bbox 306 355 468 429; x_wconf 85' lang='lat' dir='ltr'><strong>jubet</strong></span> <span class='ocrx_word' id='word_1_15' title='bbox 488 354 736 429; x_wconf 84' lang='lat' dir='ltr'><strong>Acastus,</strong></span> <span class='ocrx_word' id='word_1_16' title='bbox 760 354 985 415; x_wconf 87' lang='lat' dir='ltr'><strong>confido</strong></span> <span class='ocrx_word' id='word_1_17' title='bbox 998 368 1052 413; x_wconf 88' lang='lat' dir='ltr'><strong>te</strong></span> <span class='ocrx_word' id='word_1_18' title='bbox 1067 354 1207 431; x_wconf 87' lang='lat' dir='ltr'><strong>jam,</strong></span> <span class='ocrx_word' id='word_1_19' title='bbox 1222 372 1287 414; x_wconf 84' lang='lat' dir='ltr'><strong>ut</strong></span> <span class='ocrx_word' id='word_1_20' title='bbox 1309 378 1411 415; x_wconf 86' lang='lat' dir='ltr'><strong>vo-</strong></span> 
     </span>
     <span class='ocr_line' id='line_1_4' title="bbox 203 438 1415 521; baseline 0 -22"><span class='ocrx_word' id='word_1_21' title='bbox 203 438 416 514; x_wconf 85' lang='lat' dir='ltr'><strong>lumus,</strong></span> <span class='ocrx_word' id='word_1_22' title='bbox 435 442 639 501; x_wconf 83' lang='lat' dir='ltr'>valere.</span> <span class='ocrx_word' id='word_1_23' title='bbox 685 462 718 500; x_wconf 87' lang='lat' dir='ltr'><strong>a</strong></span> <span class='ocrx_word' id='word_1_24' title='bbox 743 443 1041 501; x_wconf 86' lang='lat' dir='ltr'><strong>Turannio</strong></span> <span class='ocrx_word' id='word_1_25' title='bbox 1075 456 1129 501; x_wconf 85' lang='lat' dir='ltr'><strong>te</strong></span> <span class='ocrx_word' id='word_1_26' title='bbox 1157 442 1415 521; x_wconf 64' lang='lat' dir='ltr'>accepisse</span> 
     </span>
     <span class='ocr_line' id='line_1_5' title="bbox 201 526 1411 605; baseline 0.002 -20"><span class='ocrx_word' id='word_1_27' title='bbox 201 544 354 587; x_wconf 80' lang='lat' dir='ltr'><strong>meas</strong></span> <span class='ocrx_word' id='word_1_28' title='bbox 367 527 552 587; x_wconf 81' lang='lat' dir='ltr'><strong>literas</strong></span> <span class='ocrx_word' id='word_1_29' title='bbox 568 528 802 605; x_wconf 86' lang='lat' dir='ltr'><strong>gaudeo.</strong></span> <span class='ocrx_word' id='word_1_30' title='bbox 827 538 1176 603; x_wconf 64' lang='grc' dir='ltr'><strong>σαραφύλαξον,</strong></span> <span class='ocrx_word' id='word_1_31' title='bbox 1191 526 1230 586; x_wconf 85' lang='lat' dir='ltr'><strong>fi</strong></span> <span class='ocrx_word' id='word_1_32' title='bbox 1244 548 1329 587; x_wconf 89' lang='lat' dir='ltr'><strong>me</strong></span> <span class='ocrx_word' id='word_1_33' title='bbox 1350 550 1411 588; x_wconf 85' lang='lat' dir='ltr'><strong>a·</strong></span> 
     </span>
     <span class='ocr_line' id='line_1_6' title="bbox 201 620 1409 689; baseline 0.002 -14"><span class='ocrx_word' id='word_1_34' title='bbox 201 632 346 688; x_wconf 75' lang='lat' dir='ltr'><strong>mas,</strong></span> <span class='ocrx_word' id='word_1_35' title='bbox 389 624 466 674; x_wconf 66' lang='lat' dir='ltr'><strong>vir</strong></span> <span class='ocrx_word' id='word_1_36' title='bbox 515 632 570 675; x_wconf 65' lang='grc' dir='ltr'><strong>τῦ</strong></span> <span class='ocrx_word' id='word_1_37' title='bbox 615 632 788 689; x_wconf 60' lang='lat' dir='ltr'><strong>popm-3</strong></span> <span class='ocrx_word' id='word_1_38' title='bbox 826 620 1090 683; x_wconf 72' lang='grc' dir='ltr'><strong><em>φιλοτιμίαν</em></strong></span> <span class='ocrx_word' id='word_1_39' title='bbox 1143 622 1409 677; x_wconf 52' lang='lat' dir='ltr'><strong>minitaret.</strong></span> 
     </span>
     <span class='ocr_line' id='line_1_7' title="bbox 199 700 1408 778; baseline 0.002 -20"><span class='ocrx_word' id='word_1_40' title='bbox 199 701 367 772; x_wconf 85' lang='lat' dir='ltr'><strong>hanc,</strong></span> <span class='ocrx_word' id='word_1_41' title='bbox 383 720 520 778; x_wconf 78' lang='lat' dir='ltr'>quae</span> <span class='ocrx_word' id='word_1_42' title='bbox 548 700 856 761; x_wconf 86' lang='lat' dir='ltr'>mehercule</span> <span class='ocrx_word' id='word_1_43' title='bbox 878 702 1229 778; x_wconf 88' lang='lat' dir='ltr'><strong>mihimagno</strong></span> <span class='ocrx_word' id='word_1_44' title='bbox 1244 700 1408 762; x_wconf 87' lang='lat' dir='ltr'><strong>dolo·</strong></span> 
     </span>
     <span class='ocr_line' id='line_1_8' title="bbox 199 786 1405 867; baseline 0.002 -22"><span class='ocrx_word' id='word_1_45' title='bbox 199 788 248 851; x_wconf 75' lang='lat' dir='ltr'><strong>ri</strong></span> <span class='ocrx_word' id='word_1_46' title='bbox 263 786 360 860; x_wconf 89' lang='lat' dir='ltr'>est,</span> <span class='ocrx_word' id='word_1_47' title='bbox 396 786 596 857; x_wconf 80' lang='lat' dir='ltr'><strong>&lt;dilexi</strong></span> <span class='ocrx_word' id='word_1_48' title='bbox 627 790 775 847; x_wconf 89' lang='lat' dir='ltr'>enim</span> <span class='ocrx_word' id='word_1_49' title='bbox 799 789 1114 863; x_wconf 86' lang='lat' dir='ltr'>hominem)</span> <span class='ocrx_word' id='word_1_50' title='bbox 1146 808 1405 867; x_wconf 84' lang='lat' dir='ltr'><strong>procura,</strong></span> 
     </span>
     <span class='ocr_line' id='line_1_9' title="bbox 201 872 1432 953; baseline 0.002 -22"><span class='ocrx_word' id='word_1_51' title='bbox 201 874 692 953; x_wconf 83' lang='lat' dir='ltr'><strong>quantulacunque</strong></span> <span class='ocrx_word' id='word_1_52' title='bbox 707 872 804 947; x_wconf 90' lang='lat' dir='ltr'>est,</span> <span class='ocrx_word' id='word_1_53' title='bbox 823 875 1169 933; x_wconf 85' lang='lat' dir='ltr'><strong>Praecianam</strong></span> <span class='ocrx_word' id='word_1_54' title='bbox 1191 876 1405 935; x_wconf 86' lang='lat' dir='ltr'>heredi·</span> <span class='ocrx_word' id='word_1_55' title='bbox 1420 912 1432 925; x_wconf 88' lang='lat'><strong>·</strong></span> 
     </span>
     <span class='ocr_line' id='line_1_10' title="bbox 201 958 1405 1039; baseline -0.001 -19"><span class='ocrx_word' id='word_1_56' title='bbox 201 974 394 1020; x_wconf 76' lang='lat' dir='ltr'><strong>tatem.</strong></span> <span class='ocrx_word' id='word_1_57' title='bbox 434 958 656 1039; x_wconf 84' lang='lat' dir='ltr'>prorsus</span> <span class='ocrx_word' id='word_1_58' title='bbox 692 960 784 1018; x_wconf 87' lang='lat' dir='ltr'>ille</span> <span class='ocrx_word' id='word_1_59' title='bbox 814 980 889 1019; x_wconf 84' lang='lat' dir='ltr'>ne</span> <span class='ocrx_word' id='word_1_60' title='bbox 920 961 1177 1036; x_wconf 83' lang='lat' dir='ltr'><strong>attingat.</strong></span> <span class='ocrx_word' id='word_1_61' title='bbox 1223 959 1405 1036; x_wconf 70' lang='lat' dir='ltr'><strong>diceS,</strong></span> 
     </span>
     <span class='ocr_line' id='line_1_11' title="bbox 201 1044 1423 1127; baseline 0.002 -22"><span class='ocrx_word' id='word_1_62' title='bbox 201 1065 462 1105; x_wconf 80' lang='lat' dir='ltr'><strong>nmmnos</strong></span> <span class='ocrx_word' id='word_1_63' title='bbox 491 1048 628 1105; x_wconf 86' lang='lat' dir='ltr'><strong>mihi</strong></span> <span class='ocrx_word' id='word_1_64' title='bbox 666 1066 804 1125; x_wconf 85' lang='lat' dir='ltr'>opus</span> <span class='ocrx_word' id='word_1_65' title='bbox 835 1044 939 1105; x_wconf 78' lang='lat' dir='ltr'>effi:</span> <span class='ocrx_word' id='word_1_66' title='bbox 982 1046 1052 1104; x_wconf 84' lang='lat' dir='ltr'><strong>ad</strong></span> <span class='ocrx_word' id='word_1_67' title='bbox 1082 1060 1423 1127; x_wconf 54' lang='lat' dir='ltr'><strong>apparatuum</strong></span> 
     </span>
     <span class='ocr_line' id='line_1_12' title="bbox 201 1128 1412 1213; baseline 0.002 -22"><span class='ocrx_word' id='word_1_68' title='bbox 201 1133 491 1212; x_wconf 71' lang='lat' dir='ltr'><strong>triumphi:</strong></span> <span class='ocrx_word' id='word_1_69' title='bbox 515 1134 574 1191; x_wconf 89' lang='lat' dir='ltr'><strong>in</strong></span> <span class='ocrx_word' id='word_1_70' title='bbox 593 1146 796 1211; x_wconf 80' lang='lat' dir='ltr'><strong>quo,ut</strong></span> <span class='ocrx_word' id='word_1_71' title='bbox 811 1128 1206 1213; x_wconf 63' lang='lat' dir='ltr'>{amecipi3‚nec</span> <span class='ocrx_word' id='word_1_72' title='bbox 1220 1152 1309 1191; x_wconf 87' lang='lat' dir='ltr'><strong>me</strong></span> <span class='ocrx_word' id='word_1_73' title='bbox 1324 1158 1412 1193; x_wconf 68' lang='lat'><strong>21·-</strong></span> 
     </span>
     <span class='ocr_line' id='line_1_13' title="bbox 195 1216 1407 1299; baseline -0.002 -21"><span class='ocrx_word' id='word_1_74' title='bbox 195 1226 268 1278; x_wconf 69' lang='grc' dir='ltr'><strong>νὼ</strong></span> <span class='ocrx_word' id='word_1_75' title='bbox 283 1220 346 1279; x_wconf 86' lang='lat' dir='ltr'><strong>in</strong></span> <span class='ocrx_word' id='word_1_76' title='bbox 359 1217 674 1299; x_wconf 84' lang='lat' dir='ltr'>expetendo</span> <span class='ocrx_word' id='word_1_77' title='bbox 689 1216 1129 1297; x_wconf 60' lang='lat' dir='ltr'><strong>cognoscesmec·</strong></span> <span class='ocrx_word' id='word_1_78' title='bbox 1156 1228 1315 1289; x_wconf 69' lang='grc' dir='ltr'><strong><em>ἄτυφον</em></strong></span> <span class='ocrx_word' id='word_1_79' title='bbox 1332 1220 1407 1281; x_wconf 66' lang='lat' dir='ltr'><strong>in:</strong></span> 
     </span>
     <span class='ocr_line' id='line_1_14' title="bbox 196 1304 1401 1381; baseline 0.002 -18"><span class='ocrx_word' id='word_1_80' title='bbox 196 1305 526 1381; x_wconf 80' lang='lat' dir='ltr'><strong>abjiciendo.</strong></span> <span class='ocrx_word' id='word_1_81' title='bbox 571 1304 912 1365; x_wconf 67' lang='lat' dir='ltr'>intellexiex</span> <span class='ocrx_word' id='word_1_82' title='bbox 926 1305 1245 1381; x_wconf 54' lang='lat' dir='ltr'><strong>tuisliterh,</strong></span> <span class='ocrx_word' id='word_1_83' title='bbox 1255 1321 1309 1365; x_wconf 85' lang='lat' dir='ltr'><strong>te</strong></span> <span class='ocrx_word' id='word_1_84' title='bbox 1320 1326 1401 1371; x_wconf 74' lang='lat' dir='ltr'>ex</span> 
     </span>
     <span class='ocr_line' id='line_1_15' title="bbox 195 1390 1393 1473; baseline 0.003 -24"><span class='ocrx_word' id='word_1_85' title='bbox 195 1396 256 1449; x_wconf 92' lang='lat' dir='ltr'>T</span> <span class='ocrx_word' id='word_1_86' title='bbox 261 1395 499 1452; x_wconf 83' lang='lat' dir='ltr'><strong>urannio</strong></span> <span class='ocrx_word' id='word_1_87' title='bbox 529 1390 750 1467; x_wconf 78' lang='lat' dir='ltr'><strong>audiffe,</strong></span> <span class='ocrx_word' id='word_1_88' title='bbox 771 1413 806 1451; x_wconf 84' lang='lat' dir='ltr'><strong>a</strong></span> <span class='ocrx_word' id='word_1_89' title='bbox 825 1413 915 1451; x_wconf 89' lang='lat' dir='ltr'><strong>me</strong></span> <span class='ocrx_word' id='word_1_90' title='bbox 928 1394 1273 1473; x_wconf 82' lang='lat' dir='ltr'><strong>provinciam</strong></span> <span class='ocrx_word' id='word_1_91' title='bbox 1282 1393 1393 1452; x_wconf 83' lang='lat' dir='ltr'><strong>fra·</strong></span> 
     </span>
     <span class='ocr_line' id='line_1_16' title="bbox 195 1477 1389 1558; baseline 0.002 -21"><span class='ocrx_word' id='word_1_92' title='bbox 195 1480 270 1537; x_wconf 85' lang='lat' dir='ltr'><strong>tri</strong></span> <span class='ocrx_word' id='word_1_93' title='bbox 292 1480 571 1538; x_wconf 85' lang='lat' dir='ltr'><strong>traditam.</strong></span> <span class='ocrx_word' id='word_1_94' title='bbox 625 1478 824 1539; x_wconf 84' lang='lat' dir='ltr'><strong>adeon&#39;</strong></span> <span class='ocrx_word' id='word_1_95' title='bbox 844 1499 951 1557; x_wconf 85' lang='lat' dir='ltr'>ego</span> <span class='ocrx_word' id='word_1_96' title='bbox 968 1499 1085 1539; x_wconf 88' lang='lat' dir='ltr'><strong>non</strong></span> <span class='ocrx_word' id='word_1_97' title='bbox 1102 1477 1389 1558; x_wconf 79' lang='lat' dir='ltr'>perspexe-</span> 
     </span>
     <span class='ocr_line' id='line_1_17' title="bbox 193 1563 1394 1644; baseline 0.002 -22"><span class='ocrx_word' id='word_1_98' title='bbox 193 1584 312 1623; x_wconf 85' lang='lat' dir='ltr'><strong>ram</strong></span> <span class='ocrx_word' id='word_1_99' title='bbox 330 1563 675 1644; x_wconf 73' lang='lat' dir='ltr'><strong>prudentiam</strong></span> <span class='ocrx_word' id='word_1_100' title='bbox 699 1564 985 1623; x_wconf 86' lang='lat' dir='ltr'><strong>literarum</strong></span> <span class='ocrx_word' id='word_1_101' title='bbox 1008 1566 1255 1623; x_wconf 79' lang='lat' dir='ltr'><strong>tuarum?</strong></span> <span class='ocrx_word' id='word_1_102' title='bbox 1295 1572 1394 1624; x_wconf 67' lang='grc' dir='ltr'><strong>ἔπε’-</strong></span> 
     </span>
     <span class='ocr_line' id='line_1_18' title="bbox 190 1648 1393 1729; baseline 0.002 -20"><span class='ocrx_word' id='word_1_103' title='bbox 190 1678 292 1726; x_wconf 69' lang='grc' dir='ltr'><strong>χεω</strong></span> <span class='ocrx_word' id='word_1_104' title='bbox 312 1664 364 1708; x_wconf 90' lang='lat' dir='ltr'><strong>te</strong></span> <span class='ocrx_word' id='word_1_105' title='bbox 385 1648 670 1709; x_wconf 81' lang='lat' dir='ltr'>scribebas.</span> <span class='ocrx_word' id='word_1_106' title='bbox 717 1648 854 1729; x_wconf 85' lang='lat' dir='ltr'><strong>quid</strong></span> <span class='ocrx_word' id='word_1_107' title='bbox 892 1664 1009 1709; x_wconf 84' lang='lat' dir='ltr'><strong>erat</strong></span> <span class='ocrx_word' id='word_1_108' title='bbox 1045 1650 1393 1711; x_wconf 85' lang='lat' dir='ltr'><strong>dubitatione</strong></span> 
     </span>
     <span class='ocr_line' id='line_1_19' title="bbox 189 1734 1394 1817; baseline 0.002 -22"><span class='ocrx_word' id='word_1_109' title='bbox 189 1736 442 1813; x_wconf 86' lang='lat' dir='ltr'><strong>dignum,</strong></span> <span class='ocrx_word' id='word_1_110' title='bbox 459 1734 499 1795; x_wconf 87' lang='lat' dir='ltr'>fi</span> <span class='ocrx_word' id='word_1_111' title='bbox 521 1734 647 1796; x_wconf 83' lang='lat' dir='ltr'>effet</span> <span class='ocrx_word' id='word_1_112' title='bbox 674 1735 979 1816; x_wconf 86' lang='lat' dir='ltr'><strong>quidquam</strong></span> <span class='ocrx_word' id='word_1_113' title='bbox 1000 1758 1101 1797; x_wconf 90' lang='lat' dir='ltr'><strong>cur</strong></span> <span class='ocrx_word' id='word_1_114' title='bbox 1128 1736 1394 1817; x_wconf 84' lang='lat' dir='ltr'><strong>placeret,</strong></span> 
     </span>
     <span class='ocr_line' id='line_1_20' title="bbox 186 1821 1389 1903; baseline 0.001 -21"><span class='ocrx_word' id='word_1_115' title='bbox 186 1822 434 1900; x_wconf 82' lang='lat' dir='ltr'><strong>fratrem,</strong></span> <span class='ocrx_word' id='word_1_116' title='bbox 449 1839 505 1884; x_wconf 90' lang='lat' dir='ltr'><strong>et</strong></span> <span class='ocrx_word' id='word_1_117' title='bbox 521 1822 682 1882; x_wconf 72' lang='lat' dir='ltr'><strong>talem</strong></span> <span class='ocrx_word' id='word_1_118' title='bbox 699 1821 919 1882; x_wconf 83' lang='lat' dir='ltr'><strong>fratrem</strong></span> <span class='ocrx_word' id='word_1_119' title='bbox 946 1823 1210 1903; x_wconf 82' lang='lat' dir='ltr'>relinqui?</span> <span class='ocrx_word' id='word_1_120' title='bbox 1236 1831 1389 1889; x_wconf 68' lang='grc' dir='ltr'><em>ἀθέτη·</em></span> 
     </span>
     <span class='ocr_line' id='line_1_21' title="bbox 183 1908 1429 1987; baseline 0.005 -20"><span class='ocrx_word' id='word_1_121' title='bbox 183 1938 258 1975; x_wconf 73' lang='grc' dir='ltr'><strong>ως</strong></span> <span class='ocrx_word' id='word_1_122' title='bbox 287 1908 384 1969; x_wconf 87' lang='lat' dir='ltr'><strong>ista</strong></span> <span class='ocrx_word' id='word_1_123' title='bbox 421 1912 554 1969; x_wconf 88' lang='lat' dir='ltr'><strong>mihi</strong></span> <span class='ocrx_word' id='word_1_124' title='bbox 591 1925 707 1983; x_wconf 84' lang='lat' dir='ltr'><strong>tua,</strong></span> <span class='ocrx_word' id='word_1_125' title='bbox 749 1930 868 1969; x_wconf 84' lang='lat' dir='ltr'><strong>non</strong></span> <span class='ocrx_word' id='word_1_126' title='bbox 907 1916 1048 1987; x_wconf 63' lang='grc' dir='ltr'><strong><em>ἔποχὺ</em></strong></span> <span class='ocrx_word' id='word_1_127' title='bbox 1074 1910 1385 1973; x_wconf 82' lang='lat' dir='ltr'><strong>videbatur.</strong></span> <span class='ocrx_word' id='word_1_128' title='bbox 1424 1926 1429 1931; x_wconf 83' lang='grc'><em>“</em></span> 
     </span>
     <span class='ocr_line' id='line_1_22' title="bbox 183 1996 1387 2076; baseline 0.002 -21"><span class='ocrx_word' id='word_1_129' title='bbox 183 1996 548 2057; x_wconf 82' lang='lat' dir='ltr'>monebas-de</span> <span class='ocrx_word' id='word_1_130' title='bbox 575 2004 650 2071; x_wconf 79' lang='lat' dir='ltr'>Q</span> <span class='ocrx_word' id='word_1_131' title='bbox 679 1998 947 2055; x_wconf 89' lang='lat' dir='ltr'>Cicerone</span> <span class='ocrx_word' id='word_1_132' title='bbox 968 2017 1161 2076; x_wconf 86' lang='lat' dir='ltr'>puero,</span> <span class='ocrx_word' id='word_1_133' title='bbox 1177 2013 1239 2057; x_wconf 87' lang='lat' dir='ltr'><strong>ut</strong></span> <span class='ocrx_word' id='word_1_134' title='bbox 1262 2018 1387 2059; x_wconf 86' lang='lat' dir='ltr'><strong>eum</strong></span> 
     </span>
     <span class='ocr_line' id='line_1_23' title="bbox 183 2082 1385 2163; baseline 0 -22"><span class='ocrx_word' id='word_1_135' title='bbox 183 2084 408 2163; x_wconf 83' lang='lat' dir='ltr'><strong>quidem</strong></span> <span class='ocrx_word' id='word_1_136' title='bbox 425 2088 744 2161; x_wconf 79' lang='lat' dir='ltr'><strong>neutiquam</strong></span> <span class='ocrx_word' id='word_1_137' title='bbox 763 2082 1151 2160; x_wconf 81' lang='lat' dir='ltr'>relinquerem.</span> <span class='ocrx_word' id='word_1_138' title='bbox 1178 2095 1317 2153; x_wconf 61' lang='grc' dir='ltr'><em>γᾶμεν</em></span> <span class='ocrx_word' id='word_1_139' title='bbox 1341 2095 1385 2141; x_wconf 79' lang='grc' dir='ltr'><strong>ὅ-</strong></span> 
     </span>
     <span class='ocr_line' id='line_1_24' title="bbox 185 2167 1386 2247; baseline 0.002 -21"><span class='ocrx_word' id='word_1_140' title='bbox 185 2198 311 2240; x_wconf 65' lang='grc' dir='ltr'><strong>ιειρου</strong></span> <span class='ocrx_word' id='word_1_141' title='bbox 333 2175 454 2237; x_wconf 73' lang='grc' dir='ltr'><strong><em>ἐμοί.</em></strong></span> <span class='ocrx_word' id='word_1_142' title='bbox 477 2168 666 2229; x_wconf 87' lang='lat' dir='ltr'>eadem</span> <span class='ocrx_word' id='word_1_143' title='bbox 695 2170 907 2241; x_wconf 84' lang='lat' dir='ltr'><strong>omnia,</strong></span> <span class='ocrx_word' id='word_1_144' title='bbox 946 2167 1092 2247; x_wconf 81' lang='lat' dir='ltr'><strong>quafi</strong></span> <span class='ocrx_word' id='word_1_145' title='bbox 1120 2170 1386 2230; x_wconf 85' lang='lat' dir='ltr'><strong>collocuti</strong></span> 
     </span>
     <span class='ocr_line' id='line_1_25' title="bbox 182 2250 1384 2329; baseline 0.002 -16"><span class='ocrx_word' id='word_1_146' title='bbox 182 2252 436 2329; x_wconf 72' lang='lat' dir='ltr'>essenms,</span> <span class='ocrx_word' id='word_1_147' title='bbox 458 2250 718 2314; x_wconf 65' lang='lat' dir='ltr'><strong>vidimus„</strong></span> <span class='ocrx_word' id='word_1_148' title='bbox 743 2252 979 2312; x_wconf 86' lang='lat' dir='ltr'><strong>nonfuit</strong></span> <span class='ocrx_word' id='word_1_149' title='bbox 992 2254 1303 2314; x_wconf 85' lang='lat' dir='ltr'><strong>faciendum</strong></span> <span class='ocrx_word' id='word_1_150' title='bbox 1324 2277 1384 2315; x_wconf 88' lang='lat' dir='ltr'><strong>a·</strong></span> 
     </span>
     <span class='ocr_line' id='line_1_26' title="bbox 183 2339 1386 2419; baseline 0.002 -21"><span class='ocrx_word' id='word_1_151' title='bbox 183 2339 332 2416; x_wconf 86' lang='lat' dir='ltr'>liter,</span> <span class='ocrx_word' id='word_1_152' title='bbox 367 2359 560 2419; x_wconf 81' lang='lat' dir='ltr'>meque</span> <span class='ocrx_word' id='word_1_153' title='bbox 583 2346 816 2415; x_wconf 63' lang='grc' dir='ltr'><strong>ἓιτιχρωία</strong></span> <span class='ocrx_word' id='word_1_154' title='bbox 838 2347 981 2416; x_wconf 58' lang='lat' dir='ltr'><strong>lxvxv)</strong></span> <span class='ocrx_word' id='word_1_155' title='bbox 1005 2356 1099 2399; x_wconf 84' lang='lat' dir='ltr'><strong>tua</strong></span> <span class='ocrx_word' id='word_1_156' title='bbox 1122 2340 1386 2401; x_wconf 78' lang='lat' dir='ltr'><strong>dubitati.-</strong></span> 
     </span>
     <span class='ocr_line' id='line_1_27' title="bbox 185 2422 1388 2506; baseline 0.002 -21"><span class='ocrx_word' id='word_1_157' title='bbox 185 2446 296 2485; x_wconf 60' lang='grc' dir='ltr'><strong>οπο</strong></span> <span class='ocrx_word' id='word_1_158' title='bbox 322 2426 601 2485; x_wconf 76' lang='lat' dir='ltr'>liberavit.</span> <span class='ocrx_word' id='word_1_159' title='bbox 645 2422 736 2485; x_wconf 88' lang='lat' dir='ltr'><strong>sed</strong></span> <span class='ocrx_word' id='word_1_160' title='bbox 772 2442 909 2505; x_wconf 84' lang='lat' dir='ltr'><strong>puto</strong></span> <span class='ocrx_word' id='word_1_161' title='bbox 947 2441 1001 2485; x_wconf 88' lang='lat' dir='ltr'><strong>te</strong></span> <span class='ocrx_word' id='word_1_162' title='bbox 1038 2427 1293 2506; x_wconf 69' lang='lat' dir='ltr'><strong>accepisic</strong></span> <span class='ocrx_word' id='word_1_163' title='bbox 1316 2428 1388 2487; x_wconf 91' lang='lat' dir='ltr'><strong>de</strong></span> 
     </span>
     <span class='ocr_line' id='line_1_28' title="bbox 184 2508 1385 2595; baseline 0.003 -24"><span class='ocrx_word' id='word_1_164' title='bbox 184 2513 286 2575; x_wconf 84' lang='lat' dir='ltr'><strong>hac</strong></span> <span class='ocrx_word' id='word_1_165' title='bbox 301 2532 360 2575; x_wconf 81' lang='lat' dir='ltr'>re</span> <span class='ocrx_word' id='word_1_166' title='bbox 380 2508 660 2595; x_wconf 73' lang='lat' dir='ltr'><strong>epistolam</strong></span> <span class='ocrx_word' id='word_1_167' title='bbox 683 2508 939 2590; x_wconf 86' lang='lat' dir='ltr'><strong>scriptam</strong></span> <span class='ocrx_word' id='word_1_168' title='bbox 964 2515 1292 2577; x_wconf 80' lang='lat' dir='ltr'><strong>accuratius.</strong></span> <span class='ocrx_word' id='word_1_169' title='bbox 1325 2534 1385 2575; x_wconf 86' lang='lat' dir='ltr'><strong>e·</strong></span> 
     </span>
    </p>
   </div>
  </div>
 </body>
</html>
