1734 3067
348 164 469 219 AD
494 160 931 217 ATTICUM
965 160 1212 215 L18.1V.
1294 174 1412 227 207·

201 260 569 335 remptionem
602 257 942 317 Seleucianae
963 254 1309 335 provinciae,
1349 272 1406 315 et

199 343 507 403 mehercule
522 363 647 401 cum
666 340 890 401 Caesare
905 340 1254 400 suaviffimam
1269 360 1408 397 con-

196 429 573 507 june’tionexm
612 430 743 486 haec
770 430 918 487 enim
943 448 1030 485 me
1053 446 1166 485 una
1203 445 1275 483 ex
1299 429 1410 482 hoc

202 512 493 589 naufragio
539 514 719 572 tabula
754 512 1000 573 delee'tat.
1049 512 1148 591 qui
1186 510 1408 588 quidem

204 601 480 675 Quintum
520 620 699 657 meum
718 640 737 671 ,
783 614 1048 675 tuumque
1064 638 1084 670 ‚
1121 594 1196 654 dii
1231 598 1368 653 boni
1389 599 1404 653 Ξ

204 682 669 764 quemadmodum
684 688 880 744 trastat
899 686 1142 754 honore,
1167 682 1410 758 dignita·

204 785 285 843 te,
308 771 512 846 gratia?
540 791 657 829 non
688 769 840 828 secus
862 790 926 827 ac
942 766 978 827 fi
1002 788 1106 845 ego
1123 765 1278 825 effem
1305 769 1412 825 im-

204 871 451 935 perator.
472 857 773 914 Hibernam
784 855 1056 931 legionem
1065 852 1298 929 eligendi
1315 873 1413 930 op-

204 943 291 999 tio
306 938 486 999 delata
502 941 880 1013 commodum,
919 954 981 998 ut
999 939 1066 996 ad
1094 958 1182 996 me
1205 936 1408 997 scribit.

204 1030 359 1085 hunc
374 1040 434 1085 tu
459 1046 579 1085 non
596 1028 771 1084 ames?
792 1046 956 1103 quem
971 1026 1136 1099 igitur
1155 1022 1408 1081 istorum?

206 1110 301 1171 sed
312 1115 447 1169 heus
466 1127 550 1186 tu,
572 1109 954 1190 scripseramne
977 1111 1076 1169 tibi
1091 1128 1180 1167 me
1193 1107 1296 1167 effe
1333 1107 1412 1167 le-

206 1212 400 1275 gatum
424 1197 719 1277 Pompeio?
735 1214 789 1253 et
804 1211 966 1253 extra
983 1196 1172 1253 urbem
1190 1192 1414 1273 quidem

204 1282 330 1343 fore
368 1302 441 1341 ex
464 1283 597 1341 idib.
640 1282 943 1357 januariis?
979 1278 1154 1339 visum
1191 1279 1262 1338 est
1307 1283 1414 1339 hoc

206 1369 347 1429 mihi
362 1368 433 1427 ad
456 1368 629 1429 multa
642 1366 928 1445 quadrare.
973 1364 1062 1425 sed
1077 1365 1213 1445 quid
1229 1364 1412 1444 plura?

209 1474 428 1528 coram,
448 1455 673 1533 opinor,
690 1452 924 1531 reliqum
953 1468 1016 1511 ut
1032 1466 1090 1509 tu
1117 1467 1298 1509 tamen
1317 1450 1416 1511 ali·-

209 1539 347 1621 quid
386 1545 663 1619 expectes.
708 1537 984 1617 Dionysio
1009 1537 1300 1617 plurimam
1339 1535 1417 1594 sa-

207 1626 405 1685 intem:
423 1627 511 1685 cui
528 1622 749 1705 quidem
780 1644 886 1701 ego
909 1620 1030 1683 uon
1050 1621 1221 1681 modo
1241 1619 1419 1681 serva·

208 1708 389 1786 vi‚sed
404 1710 565 1770 etiam
576 1708 857 1769 aedificavi
871 1709 1078 1769 locum.
1094 1707 1229 1786 quid
1253 1728 1419 1786 quae·

212 1798 323 1857 ris?
348 1796 419 1856 ad
443 1794 709 1855 summam
746 1794 1008 1855 laetitiam
1029 1814 1228 1866 meam,
1252 1812 1420 1874 quam

210 1902 289 1942 ex
309 1896 411 1941 tuo
448 1882 627 1941 reditu
650 1884 833 1962 capi0‚
869 1900 1105 1959 magnus
1144 1880 1292 1939 illius
1321 1879 1418 1937 ad·

212 1983 391 2028 ventu
412 1969 661 2027 cumulus
692 1967 923 2028 accedit.
971 1988 1088 2045 quo
1121 1964 1210 2023 die
1239 1966 1309 2023 ad
1331 1984 1420 2023 me

218 2055 435 2127 venies,
452 2069 511 2112 tu
519 2097 536 2127 ,
551 2052 591 2113 fi
614 2075 703 2115 me
724 2074 899 2130 ωας,
915 2054 1060 2135 apud
1075 2072 1165 2115 me
1179 2072 1306 2111 cum
1331 2064 1422 2109 tu·

220 2160 271 2200 is
286 2159 533 2200 maneas.
