1734 3067
317 126 434 204 236
586 127 1237 201 EP1ST0LARUM

317 242 406 281 am
425 220 684 300 justitiae,
708 240 766 283 et
788 222 1143 285 abstinentiae
1156 223 1276 283 fore
1300 214 1549 285 illustri-⁵

316 328 468 367 orem
493 307 665 387 spero,
683 309 722 369 fi
744 312 858 369 cito
874 304 1267 371 decess'erimus.
1284 306 1338 367 id
1354 310 1527 388 quod

316 394 606 455 Scaevolae
657 398 897 473 'contigit
915 440 934 470 ,
974 398 1071 475 qui
1108 394 1257 453 solos
1302 415 1527 455 novem

318 478 532 539 menses
577 480 730 541 Afiae
761 482 1013 560 praefuit.
1062 482 1275 561 Appius
1304 480 1523 555 noster,

317 585 439 623 cum
468 586 556 623 me
577 566 871 626 adventare
890 568 1122 640 videret,
1148 566 1423 645 profectus
1438 566 1525 627 est

318 649 554 709 Tarsum
579 651 748 731 usque
771 652 1066 711 Laodicea.
1090 654 1164 711 ibi
1178 651 1360 709 forum
1372 648 1521 729 agit,

317 755 440 793 cum
457 756 560 813 ego
575 736 668 795 fim
683 740 742 797 in
759 740 1071 815 provincia;
1090 756 1255 815 quam
1272 737 1391 813 ejus
1422 739 1521 795 in-

308 820 512 896 juriam
550 842 666 882 non
689 824 943 882 insector.
990 822 1117 881 satis
1148 824 1295 881 enim
1332 825 1519 883 habeo

316 909 528 983 negotii
545 910 604 966 in
620 907 875 967 sanandis
890 910 1372 988 vulneribus,quae
1383 907 1517 968 sunt

316 989 566 1070 imposita
579 996 915 1073 provinciae.
965 994 1141 1073 quod,
1166 994 1239 1053 do
1256 1014 1515 1073 operam,

315 1094 380 1137 ut
401 1078 595 1139 faciam
612 1101 776 1159 quam
798 1082 1026 1139 minima
1048 1080 1193 1140 illius
1217 1094 1515 1139 contume-

313 1162 405 1221 lia.
451 1162 537 1222 sed
554 1168 660 1225 hoc
681 1174 850 1224 Bruto
867 1165 1057 1225 nostro
1072 1165 1235 1225 velim
1250 1166 1426 1239 dicae,
1442 1168 1512 1225 il-

209 1302 223 1314 ,
313 1248 428 1306 lum
446 1248 622 1309 feciffe
647 1272 766 1310 non
789 1250 956 1327 belle,
970 1253 1067 1330 qui
1088 1251 1329 1310 adventu
1358 1270 1513 1330 meo,

311 1354 477 1413 quam
497 1334 800 1414 longissime
814 1339 1081 1417 potuerit,
1096 1335 1409 1397 discesserit.

533 1527 796 1571 cronno
833 1530 1101 1571 Αττιοο
1136 1531 1285 1572 sm..

399 1601 581 1670 Quam
610 1595 805 1655 vellem
847 1602 1057 1657 Romae
1090 1596 1245 1670 effes,
1289 1594 1329 1655 fi
1362 1594 1512 1657 forte

310 1699 431 1739 non
445 1700 528 1740 es.
574 1681 713 1741 nihil
726 1684 875 1741 enim
906 1686 1041 1743 certi
1062 1684 1411 1757 habebamus,
1422 1684 1507 1741 ni·

309 1764 351 1823 fi
379 1765 634 1844 accepiffe
665 1788 769 1826 nos
807 1782 931 1827 tuas
956 1767 1135 1827 literas
1173 1789 1227 1827 a.
1252 1766 1313 1829 d.
1352 1788 1501 1827 xlv.

308 1850 422 1908 kal.
450 1859 600 1910 Sext.
621 1850 796 1912 datas:
832 1854 893 1911 in
919 1856 1116 1932 quibus
1141 1852 1398 1933 scriptum
1427 1852 1505 1911 es-

308 1934 410 2010 set,
445 1951 500 1994 te
529 1939 588 1995 in
627 1940 854 2017 Epirum
887 1940 1091 1997 iturum
1132 1940 1343 1998 circiter
1390 1938 1503 1998 kal.

307 2021 562 2080 Sextiles.
610 2021 696 2081 sed
716 2022 822 2083 five
839 2029 1047 2083 Romae
1070 2045 1153 2099 es,
1165 2021 1273 2083 five
1302 2025 1361 2081 in
1375 2024 1505 2102 Epi·
1592 2080 1601 2087 .

309 2127 399 2181 m,
439 2110 624 2167 Parthi
663 2112 996 2189 Euphratem
1020 2108 1349 2169 transierunt
1368 2108 1506 2168 duce

311 2201 545 2268 Pacui-0,
585 2194 789 2253 Orodis
825 2197 967 2273 regis
1006 2198 1331 2254 Parthorum
1364 2194 1504 2268 filio,

311 2280 522 2335 cunciis
543 2278 654 2337 fere
675 2282 871 2358 copiis,
896 2274 1126 2339 Bibulus
1142 2281 1391 2340 nondum
1408 2302 1503 2338 au-

312 2362 560 2418 diebatur
581 2362 682 2420 effe
705 2367 764 2421 in
780 2366 956 2441 Syria.
1007 2365 1203 2423 Cassius
1221 2368 1279 2423 in
1298 2364 1509 2445 oppido

315 2444 648 2505 Antiochiae
678 2468 803 2509 cum
834 2449 991 2509 omni
1006 2451 1273 2512 exercitu.
1322 2451 1511 2511 nosin
