1734 3067
311 149 421 198 202
621 135 1272 192 EPISTOLARUM
1351 156 1356 160 ·

309 228 699 288 tamt-‚constat
711 231 857 288 enim
876 229 1054 288 aditus
1069 229 1276 288 insuiae
1293 227 1398 288 effe
1421 251 1554 290 mu·

316 318 469 374 nitos
486 313 729 375 mirificis
766 316 1026 375 molibus·
1075 319 1240 373 etiam
1257 315 1398 375 illud
1417 319 1553 394 jam

318 402 607 478 cognitum
630 401 703 460 est
720 421 902 477 neque
917 404 1128 478 argenti
1144 399 1438 478 scripulum
1455 402 1552 462 es·

319 484 373 543 se
394 485 565 544 ullum
582 490 641 544 in
668 486 759 544 illa
790 484 989 560 insula,
1006 507 1186 566 neque
1202 487 1372 546 ullam
1391 487 1554 567 spem

319 571 673 650 praedae,nifi
688 593 761 630 ex
774 573 1092 650 mancipiisz
1110 592 1180 630 ex
1195 575 1399 650 quibus
1413 575 1552 632 nul-

319 657 409 716 los
434 673 573 735 puto
596 673 651 716 te
667 658 872 732 literis,
913 674 1006 717 aut
1030 655 1248 716 muficis
1279 659 1546 718 eruditos

324 749 631 822 expectare.
680 741 878 801 Paulus
915 745 975 802 in
998 743 1180 802 medio
1209 743 1338 803 foro
1359 745 1550 804 bami-

325 849 444 888 cam
457 830 573 908 jam
594 833 737 908 pene
764 831 944 888 texuit
974 828 1159 888 iisdem
1179 831 1427 907 antiquis
1444 851 1549 888 co·

324 914 556 973 lumnis:
598 915 749 973 illam
774 930 980 988 autem,
1006 934 1171 993 quam
1201 915 1434 988 locavit,
1457 915 1548 974 fa-

328 1001 407 1058 cit
446 999 1043 1078 magnificentiffimam.
1105 1001 1243 1078 quid
1274 1001 1542 1078 quaeris?

330 1085 469 1144 nihil
493 1088 699 1162 gratius
724 1085 823 1143 illo
841 1101 1232 1160 monumento,
1263 1085 1405 1144 nihil
1420 1086 1547 1162 glo·

328 1168 540 1230 riofius,
590 1174 776 1249 itaque
800 1169 1047 1230 Caesaris
1081 1173 1242 1232 amici
1267 1168 1384 1242 (me
1407 1172 1546 1232 dico

328 1272 385 1314 et
418 1258 680 1336 Oppium:
702 1255 1226 1336 disrumparislicet)
1255 1257 1316 1316 in
1333 1278 1543 1316 monu-

330 1357 581 1402 mentum
600 1342 761 1417 illud,
794 1342 948 1420 quod
979 1359 1040 1401 tu
1057 1342 1252 1402 tollere
1280 1343 1540 1402 laudibus

330 1426 538 1486 solebas
543 1470 563 1502 ,
578 1444 641 1487 ut
655 1428 838 1488 forum
853 1429 1184 1500 laxaremus,
1205 1445 1264 1488 et
1276 1427 1444 1508 usque
1463 1429 1541 1489 ad

330 1515 531 1573 atrium
551 1517 847 1574 Libertatis
866 1515 1546 1594 explicaremus,c0ntem-

328 1599 529 1680 pfimus
554 1599 851 1660 sexcenties
879 1607 1020 1660 H-S.
1037 1621 1161 1658 cum
1170 1601 1401 1680 privatis
1417 1621 1542 1660 non

330 1702 551 1764 poterat
570 1685 790 1764 transigi
809 1690 1024 1746 minore
1035 1689 1288 1765 pecunia.
1335 1685 1538 1746 efficie-

330 1793 453 1831 mus
472 1794 586 1832 rem
606 1770 1054 1849 gloriofiss'imam.
1100 1793 1230 1832 nam
1261 1774 1322 1830 in
1345 1792 1542 1850 oempo

332 1861 545 1917 Martio
575 1857 723 1938 septa
753 1859 1009 1917 Tributis
1029 1859 1271 1918 comitiis
1293 1877 1542 1916 marmo-

332 1963 423 2001 rea
452 1942 635 2002 sumus
659 1959 715 2002 et
736 1948 877 2002 teeka
905 1943 1121 2016 fasturi3
1146 1963 1318 2022 eaque
1352 1945 1542 2019 cinge·-

331 2049 453 2088 mus
490 2029 699 2088 excelsa
738 2032 982 2108 porticu;
1018 2045 1082 2087 ut
1115 2029 1264 2087 mille
1292 2027 1538 2107 paffuum

332 2115 677 2175 conficiatur.
726 2115 878 2174 fimul
905 2116 1236 2192 adjungetur
1250 2116 1379 2172 huic
1401 2134 1538 2192 ope·

332 2204 379 2259 ri
403 2202 535 2260 villa
572 2204 737 2260 etiam
769 2200 1007 2280 publica.
1053 2202 1226 2274 dices,
1243 2199 1378 2278 quid
1399 2201 1540 2258 mihi

330 2291 439 2344 hoc
460 2302 884 2344 monumentum
901 2286 1172 2362 proderit?
1193 2285 1353 2368 quid?
1395 2283 1538 2343 cela-

328 2373 405 2426 bo
428 2385 481 2427 te
505 2391 591 2428 res
610 2371 920 2428 Romanas?
938 2391 1056 2428 non
1071 2372 1224 2428 enim
1240 2386 1295 2428 te
1309 2385 1446 2449 puto
1466 2370 1540 2429 de

244 2469 263 2484 ’
331 2451 525 2531 lustro,
549 2455 703 2534 quod
719 2456 837 2532 jam
854 2454 1191 2541 desperatum
1215 2454 1314 2533 est,
1343 2471 1440 2515 aut
1467 2455 1538 2516 de
