1734 3067
337 118 400 181 8-
627 117 1270 193 EP1sToLA1wM

325 218 544 279 minum
555 210 630 273 est
642 214 862 293 opinio,
880 229 1009 275 tuos
1032 212 1323 277 familiares
1336 259 1357 293 ,
1374 221 1543 281 nobi·

327 304 412 363 les
441 302 720 375 homineS,
747 298 1081 361 adversarios
1116 303 1322 362 honori
1344 304 1542 367 nostro

323 389 468 451 fore.
515 386 586 447 ad
608 406 798 448 eorum
825 386 1167 447 voluntatem
1190 390 1323 447 mihi
1344 393 1540 451 conci-

293 544 298 549 ‚
323 474 567 535 liandam
583 474 825 534 maximo
847 488 903 531 te
916 475 1050 533 mihi
1072 472 1189 533 usui
1210 474 1329 534 fore
1343 474 1543 539 video.

323 581 498 643 quare
512 560 778 637 januario
809 561 1063 638 ineunte,
1095 574 1157 624 ut
1186 560 1541 641 constituisti,

325 668 458 707 cura
472 664 536 707 ut
553 654 764 706 Romae
775 643 868 705 fis.

549 836 808 881 excato
849 838 1112 881 Αττῐοο
1150 840 1223 882 SA
1239 842 1301 883 1..

409 906 616 966 Aviam
631 922 779 966 tuam
797 902 930 967 scito
944 904 1205 967 defiderio
1222 908 1303 967 tui
1316 922 1529 970 mortu·
1544 902 1571 946 ³

319 1010 410 1052 am
425 990 549 1066 effe,
575 1008 634 1052 ct
647 990 821 1067 simul,
851 992 1003 1072 quod
1020 994 1191 1053 verita
1206 992 1289 1070 fit,
1319 1015 1392 1053 ne
1414 1001 1531 1059 La·

319 1080 472 1137 tinae
485 1080 543 1137 in
559 1078 748 1138 officio
761 1099 884 1140 non
900 1094 1267 1154 manerent‚et
1280 1083 1342 1141 in
1356 1101 1527 1142 mon-

319 1178 436 1223 tem
463 1163 740 1223 Albanum
773 1162 975 1225 hostias
1007 1185 1127 1225 non
1164 1164 1522 1231 adducerent.

317 1251 438 1325 ejus
457 1252 532 1309 rei
547 1248 983 1311 consolationem
1000 1250 1069 1311 ad
1084 1266 1137 1311 te
1158 1258 1231 1310 L.
1249 1251 1531 1317 Saufeium

315 1334 598 1397 miffurum
615 1334 716 1395 effe
729 1337 1101 1396 arbitror.nos
1115 1339 1205 1396 hic
1222 1351 1274 1395 te
1289 1338 1357 1397 ad
1367 1358 1528 1399 men·

317 1420 430 1483 sem
444 1423 765 1500 januarium
795 1426 1167 1501 expediamus,
1191 1442 1265 1482 ex
1280 1424 1527 1502 quodam

313 1514 564 1585 nimae,
591 1530 666 1568 an
688 1528 760 1567 ex
773 1508 948 1569 literis
964 1511 1072 1567 tuis
1088 1507 1159 1568 ad
1172 1508 1523 1571 aliosmiffis?

315 1616 447 1655 nam
479 1595 549 1655 ad
577 1616 663 1655 me
686 1594 754 1654 de
774 1613 846 1655 eo
867 1594 1005 1656 nihil
1033 1592 1294 1673 scripsisti·
1347 1593 1525 1674 ligna,

317 1700 462 1760 quae
485 1684 647 1742 nobis
671 1679 888 1756 curasti,
932 1700 997 1741 ea
1030 1679 1154 1741 sunt
1176 1680 1247 1741 ad
1270 1684 1519 1743 Caietam

312 1765 576 1847 exposita.
621 1784 726 1826 nos
741 1786 804 1825 ea
819 1786 941 1827 non
955 1767 1216 1827 vidimus.
1262 1788 1441 1847 neque
1456 1790 1517 1827 e-

313 1856 432 1915 nim
455 1852 696 1913 exeundi
727 1860 906 1911 Roma
935 1850 1171 1933 potestas
1192 1856 1357 1913 nobis
1380 1854 1513 1915 fuit.

309 1938 576 2013 mifimus,
621 1940 718 2019 qui
755 1959 861 2017 pto
899 1944 1117 1999 vestuta
1154 1937 1410 2005 solveret.
1458 1956 1517 1999 te
1604 1974 1613 1981 ·

310 2026 546 2086 multum
561 2044 826 2096 amamuS,
843 2024 996 2102 quod
1012 2046 1077 2083 ea
1090 2026 1189 2085 abs
1206 2040 1261 2085 te
1276 2024 1515 2103 dffigen·

307 2129 416 2189 ter,
445 2130 730 2193 parvoque
749 2126 937 2171 curata
968 2108 1115 2171 sunt.
1161 2110 1313 2190 quod
1335 2111 1403 2169 ad
1425 2134 1516 2173 me

310 2200 466 2279 saepe
482 2198 720 2278 scripsisti
735 2196 802 2257 de
820 2196 1009 2256 nostro
1024 2198 1204 2255 amico
1218 2197 1515 2273 placando,

309 2287 437 2361 feci,
466 2300 524 2343 et
537 2296 795 2361 expertus
812 2280 929 2341 sum
946 2284 1164 2342 omnia:
1195 2283 1284 2341 sed
1300 2284 1511 2343 miran-

311 2373 442 2432 dum
481 2372 542 2429 in
577 2369 805 2431 modum
839 2366 913 2427 est
944 2371 1130 2426 animo
1168 2368 1507 2429 abalienato:

309 2460 510 2538 quibus
527 2455 592 2516 de
607 2452 1000 2537 suspicionibus
1006 2450 1121 2529 ,etfi
1136 2452 1334 2513 audiffe
1350 2468 1405 2513 te
1420 2474 1510 2515 ar·
