1734 3067
330 163 452 217 AD
476 160 917 219 ATTICUM
951 164 1074 220 Lm.
1095 166 1201 221 1v.
1277 164 1385 247 183

176 272 245 311 us
262 255 356 313 hic
378 279 503 318 eum
518 260 661 318 diem
684 280 809 319 cum
832 260 1102 339 Dionyfio
1133 276 1390 322 contere·

178 356 327 398 mus.
376 343 445 401 de
460 346 749 405 Trebonio
758 344 982 426 prorsus
999 349 1100 408 tibi
1109 346 1388 410 assentior.

179 424 250 483 de
268 432 549 489 Domitio:

268 528 400 591 Σύκᾳ
422 528 497 585 μοὶ
516 526 593 579 τόν
610 528 828 591 Δήμητρα
852 529 984 577 σύειον
1007 528 1079 579 ν’δέ
1104 528 1144 578 ἓν

282 614 415 661 Οὕτω
440 615 585 673 ὅμοιον
612 610 807 674 γέγονεν,

184 710 361 772 quam
382 686 457 749 est
473 688 567 747 ista
583 696 826 764 σερίςασις
851 689 1092 750 nostrae:
1123 691 1216 751 vel
1237 694 1398 772 quod

187 785 257 839 ab
274 774 487 851 iisdem,
522 773 611 834 vel
635 775 787 853 quod
812 793 1028 854 praeter
1042 780 1398 856 opinionem,

186 865 279 925 vel
298 862 451 943 quod
467 863 573 922 viri
602 863 735 920 boni
762 860 1054 939 nusquam,
1095 884 1266 923 unum
1285 867 1396 924 dis·

192 950 389 1022 fimile,
424 948 577 1025 quod
612 949 739 1006 huic
767 952 994 1008 merito.
1041 968 1170 1008 nam
1187 951 1254 1009 de
1276 951 1396 1031 ipso

190 1034 345 1110 casu,
360 1032 545 1094 nescio
560 1052 635 1093 an
664 1033 801 1092 illud
829 1036 1047 1094 melius,
1096 1036 1228 1114 quid
1245 1041 1398 1099 enim

191 1126 305 1182 hoc
316 1119 587 1192 miserius,
610 1140 777 1197 quam
816 1140 942 1179 eum
959 1121 1054 1200 qui
1081 1136 1170 1181 tot
1191 1142 1402 1198 annon,

192 1224 339 1288 quot
353 1208 539 1278 babet,
566 1204 876 1282 designatus
899 1205 1110 1265 Consul
1129 1207 1314 1283 fuerit,
1332 1210 1400 1268 fi-

191 1296 275 1353 eri
300 1291 597 1351 Consulem
618 1312 737 1351 non
754 1290 931 1371 poffe?
949 1292 1258 1371 praesertim
1273 1314 1400 1355 cum

194 1394 289 1439 aut
302 1377 421 1439 solu
428 1399 477 1453 ι,
506 1394 601 1437 aut
614 1394 759 1438 certe
774 1398 894 1437 non
911 1378 1059 1458 plus,
1091 1400 1256 1459 quam
1271 1402 1400 1443 cum

195 1466 372 1525 altero
388 1480 558 1543 petat.
602 1463 793 1525 fivero
816 1465 872 1523 id
903 1463 1000 1539 est,
1023 1465 1176 1543 quod
1215 1467 1400 1528 nescio

162 1542 271 1611 'an
294 1550 381 1626 fit,
398 1567 462 1611 ut
478 1571 595 1609 non
625 1552 807 1610 minus
824 1549 1150 1628 longasjam
1168 1554 1226 1611 in
1250 1555 1402 1613 codi-

196 1637 452 1697 cillorum
468 1635 612 1695 fastis
634 1636 944 1695 futurorum
971 1636 1271 1697 Consulum
1301 1661 1399 1717 pa-

195 1724 417 1802 ginulas
436 1724 653 1796 habeat,
672 1729 838 1800 quam
862 1722 1154 1798 fabiorum,
1179 1726 1312 1804 quid
1331 1726 1400 1785 i}-

198 1811 261 1869 lo
296 1807 573 1868 miserius?
616 1808 717 1867 nifi
747 1806 1067 1887 respublica,
1113 1811 1174 1868 in
1197 1832 1308 1890 qua
1329 1832 1404 1871 ne
1464 1874 1480 1890 ς

196 1894 444 1975 speratur
480 1892 703 1972 quidem
740 1894 934 1953 melius
965 1895 1286 1975 quidquam.
1331 1898 1406 1957 de

200 1988 395 2055 Natta,
416 1983 611 2039 extuis
628 1981 863 2061 priinum
881 1979 1012 2039 scivi
1033 1980 1232 2054 literis;
1267 1983 1403 2043 ode-

198 2087 321 2127 ram
342 2068 647 2125 hominem.
694 2065 763 2125 de
778 2069 1036 2145 poiimate
1063 2068 1215 2145 quod
1237 2088 1402 2145 quae-

199 2155 301 2224 ris;
330 2150 519 2231 quidfi
542 2154 727 2232 cupiat
758 2152 1022 2229 effugere?
1041 2154 1200 2232 quid?
1231 2152 1406 2215 finas?

202 2238 273 2296 de
298 2240 469 2297 Fabio
493 2234 671 2297 Lusco
694 2238 847 2317 quod
860 2258 1008 2297 eram
1030 2238 1282 2314 exorsuS,
1299 2244 1402 2299 ho-

202 2344 299 2383 mo
316 2342 607 2403 peramans
632 2323 804 2382 nostri
818 2323 1026 2403 semper
1043 2324 1170 2399 fuit,
1204 2346 1308 2400 uec
1324 2329 1407 2385 mi

204 2429 451 2487 unquam
466 2408 629 2475 odio:
662 2408 954 2469 satisenim
985 2426 1176 2469 acutus
1194 2427 1249 2470 et
1278 2433 1406 2491 per-

202 2494 580 2575 modestus,ac
602 2496 781 2557 bonae
804 2496 973 2576 frugi.
997 2516 1119 2558 eum
1139 2499 1268 2579 quia
1283 2516 1405 2559 non
