1734 3067
278 174 383 229 ¹52
569 158 1232 217 EPISTOLARUM

267 254 445 335 sperat
468 254 609 315 fore.
655 254 892 332 sedjam,
915 274 1041 315 cnm
1055 255 1351 316 adventare
1365 259 1464 317 mi·

268 341 392 399 lites
424 340 699 414 dicentur,
736 339 1045 401 faciendum
1085 343 1253 402 nobis
1275 346 1382 402 erit
1405 358 1465 402 ut

268 429 339 485 ab
360 447 426 486 eo
451 425 805 487 discedamus.
850 427 1004 507 quod
1033 448 1158 486 cum
1178 427 1463 504 faciemus,

268 512 337 570 ad
362 528 415 571 te
430 512 605 571 statim
622 516 926 587 mittemm,
941 530 1002 572 ut
1025 512 1158 573 scias
1173 516 1268 573 ubi
1283 512 1471 575 fimus.

268 598 543 657 Lentulus
578 597 675 657 suo
703 602 763 657 in
788 619 894 658 nos
911 600 1122 673 officio,
1145 600 1297 678 quod
1320 616 1377 660 et
1395 621 1474 674 re,

256 700 327 741 eet
342 684 695 763 promissis-»fit
712 686 885 743 literis
909 684 1162 759 declarat,
1193 684 1342 764 spem
1367 707 1476 746 no·-

268 770 354 829 bis
388 770 714 829 nonnullam
746 769 908 829 affert
939 773 1184 846 Pompeii
1213 771 1475 831 vo}unta·

268 857 367 915 tia.
411 854 565 935 saepe
586 857 733 915 enim
762 873 825 914 tu
849 857 918 915 ad
942 877 1028 914 me
1045 854 1307 935 scripsisti,
1347 878 1476 917 eum

267 958 449 1001 totum
466 940 641 1001 effein
658 940 804 1001 illius
821 940 1103 1023 potestate.
1151 942 1218 1001 de
1237 942 1470 1003 Metello

266 1026 471 1107 scripsit
486 1028 553 1087 ad
572 1050 659 1087 me
686 1028 878 1103 frater,
911 1044 1182 1107 quantum
1213 1026 1474 1107 speraret,

270 1114 575 1193 profeetum
598 1112 699 1173 effe
714 1136 807 1194 per¹
824 1130 902 1175 te.
925 1116 1004 1173 mi
1021 1116 1322 1192 Pomponi,
1337 1136 1475 1192 pug-

269 1220 345 1259 m
358 1216 421 1259 ut
452 1217 631 1261 tecum
654 1216 707 1259 et
724 1222 851 1261 cum
883 1202 1017 1260 meis
1045 1202 1177 1259 mihi
1201 1200 1366 1260 liceat
1391 1203 1475 1261 vi-

271 1307 401 1346 vere
420 1328 438 1359 ,
480 1302 537 1346 et
566 1286 735 1347 scribe
776 1287 845 1347 ad
877 1308 966 1345 me
993 1287 1206 1347 omnia.
1253 1308 1477 1367 premor

269 1394 397 1433 eum
406 1373 576 1449 lustu,
592 1390 711 1433 tum
723 1372 986 1433 defiderio
999 1392 1178 1431 rerum
1199 1374 1476 1448 omnium,

270 1478 410 1537 quae
435 1461 567 1519 mihi
602 1480 691 1519 me
712 1462 955 1519 cariores
981 1456 1192 1537 semper
1226 1458 1474 1519 fuerunt.

270 1566 399 1605 cura
421 1560 482 1604 ut
498 1546 702 1606 valeas.
949 1552 984 1583 ‘⁸

358 1638 503 1711 Ego,
522 1632 675 1711 qubd
712 1651 811 1712 per
831 1630 1166 1692 Thessaliam
1187 1629 1226 1691 fi
1248 1634 1384 1691 irem
1413 1632 1476 1691 in

268 1720 524 1798 Epirum,
540 1720 729 1799 perdiu
748 1718 885 1778 nihil
911 1738 1058 1778 eram
1073 1717 1390 1792 auditurus,
1412 1734 1473 1779 et

268 1804 421 1883 quod
446 1807 553 1863 mei
568 1802 835 1863 studiosos·
858 1807 1034 1863 habeo
1061 1805 1472 1883 Dyrrachinos,

268 1892 337 1951 ad
362 1912 459 1950 eos
486 1893 722 1971 perrexi,
746 1890 975 1949 cumina
991 1887 1268 1968 superiora
1288 1889 1470 1949 Thes-

268 1974 539 2037 salonicae
556 1974 885 2055 scripfiss'em.
933 1975 1066 2035 inde
1081 1996 1209 2035 cum
1219 1975 1298 2035 -ad
1313 1991 1369 2034 te
1383 1996 1473 2035 me

266 2080 612 2137 convertam,
642 2063 837 2123 faciam
858 2077 922 2120 ut
939 2060 1092 2121 scias:
1111 2077 1281 2141 tuque
1295 2061 1366 2121 ad
1383 2082 1474 2121 me

264 2148 429 2209 velim
446 2151 633 2208 omnia
649 2170 813 2227 quam
829 2146 1246 2225 diligentiffime‚
1257 2149 1464 2207 cuicui-

265 2236 417 2294 modi
456 2234 603 2308 sum,
636 2233 857 2293 scribas.
904 2254 1010 2311 ego
1034 2234 1154 2310 jam
1185 2248 1282 2293 aut
1326 2254 1465 2308 rem,

268 2334 363 2380 aut
386 2342 455 2378 ne
473 2320 615 2397 spem
648 2319 865 2395 quidem
903 2324 1157 2397 expetito·
1202 2319 1320 2381 dat.
1355 2338 1464 2383 vx.

266 2402 484 2463 kalend.
506 2406 769 2464 Decemb.
792 2404 1111 2481 Dyrrachii.
