1734 3067
799 0 913 4 —---
940 0 1067 4 -—-—--
1082 0 1265 8 -νν--ψ-
1284 2 1293 4 -
1312 2 1341 4 --
1382 2 1606 7 ————-——--

349 162 471 229 An
494 159 922 217 ATTICUM
947 162 1074 219 Lu.
1105 162 1212 217 ιν.
1299 174 1406 233 ¹75

186 260 253 319 in
270 254 371 317 illo
384 261 551 317 heroe
562 254 690 317 esset
718 257 912 331 animi,
941 272 1212 337 quantum
1231 258 1404 317 etiam

186 342 423 405 eonsdii.
469 342 717 403 miranda
732 344 912 403 virtus
932 342 1028 403 est.
1061 363 1214 403 nova
1233 363 1404 421 quae·

186 430 323 491 dam
346 429 535 489 divina
563 430 751 489 mittet
790 427 880 487 sed
910 432 1042 489 haec
1057 428 1264 489 summa
1305 426 1404 491 ess.

188 518 425 579 comitia
453 514 574 575 fore
596 535 717 575 non
756 516 1020 575 arbitror.
1067 536 1224 575 reum
1261 516 1407 575 Pub·

186 602 351 677 lium,
384 600 484 661 nifi
500 616 629 661 ante
656 599 867 662 occisus
885 604 1012 677 erit,
1031 600 1153 661 fore
1177 622 1208 659 a
1233 600 1406 661 Milo·

189 710 267 749 ne
288 704 449 768 puto.
496 686 534 745 fi
552 684 604 745 se
616 689 761 747 inter
776 689 924 747 viam
943 686 1226 762 obtulerit,
1257 689 1408 747 occi·

191 772 313 835 sum
326 776 393 835 iri
410 775 479 833 ab
496 770 613 853 ipso
632 773 847 834 Milone
869 774 1060 835 video.
1111 792 1232 833 non
1249 772 1408 835 dubi·

192 876 283 920 tat
296 859 501 933 facere3
528 880 659 939 prae
670 857 719 917 se
736 859 841 919 fert
846 884 865 935 3
907 858 1260 921 casumillum
1275 858 1405 919 nos-

192 962 345 1007 trum
362 966 483 1005 non
501 944 823 1007 extimescit.
844 967 1132 1026 nunquam
1147 947 1296 1005 enim
1305 966 1403 1005 cu·

185 1031 451 1113 jusquam
467 1033 667 1106 invidi,
694 1046 749 1091 et
767 1031 968 1111 perfidi
990 1030 1218 1093 confilio
1233 1030 1308 1091 est
1342 1053 1407 1093 u·

192 1118 309 1179 sus·
345 1140 447 1179 nec
462 1120 629 1177 inerti
656 1116 833 1177 nobili
857 1119 1190 1179 crediturus.
1221 1138 1330 1177 nos
1348 1139 1410 1177 a·

192 1207 358 1269 nimo
402 1204 676 1263 duntaxat
713 1206 986 1285 vigemus·
1025 1205 1190 1263 etiam
1227 1206 1406 1283 magis

192 1310 363 1370 quam
392 1310 519 1350 cum
534 1291 883 1351 florebamus·
912 1312 968 1350 re
982 1290 1236 1349 familiari
1250 1311 1405 1351 com·

194 1378 401 1437 minuti
418 1374 621 1449 sumus,
639 1378 841 1453 Quinti
856 1375 1038 1436 fratris
1057 1392 1240 1437 tamen
1265 1376 1405 1435 libe·

192 1464 405 1523 talitati
420 1483 521 1543 pro
538 1461 889 1523 facultatibus
906 1460 1201 1538 nosti-ieme
1217 1465 1403 1523 omni-

194 1569 277 1611 no
300 1548 589 1609 exhaustus
606 1546 755 1623 effet,
785 1549 884 1608 isso
901 1548 1198 1623 recusante,
1239 1547 1407 1609 subfi-

194 1637 305 1695 diis
318 1638 617 1696 amicorum
644 1634 1056 1715 respondemus.
1105 1634 1240 1714 quid
1263 1655 1404 1695 con-

194 1720 298 1781 filii
314 1720 381 1780 de
397 1742 487 1781 om
495 1724 549 1779 ni
568 1721 753 1781 nostro
770 1714 908 1793 statu
926 1724 1225 1804 capiamur„
1239 1736 1292 1795 te
1309 1722 1402 1784 ab·

195 1806 349 1868 sente
372 1804 661 1869 nescimus,
710 1826 878 1887 quare
901 1828 1224 1889 appropera.

418 1999 625 2041 ciel-:n
644 2000 681 2039 ο
722 1998 986 2041 Αττισο
1029 2001 1178 2041 SAL.

149 2072 177 2114 4
283 2066 661 2144 Perjucundus
672 2068 806 2127 mihi
824 2068 1049 2127 Cincius
1061 2066 1165 2127 fiait
1181 2083 1308 2129 ante
1321 2069 1405 2129 di·

195 2172 285 2213 em
319 2153 543 2213 tertium
566 2152 675 2215 kal.
702 2155 863 2213 Febr.
885 2170 1012 2215 ante
1035 2154 1232 2215 lucem.
1254 2154 1402 2215 dixit

197 2240 346 2297 enim
376 2239 511 2298 mihi
529 2254 583 2297 te
597 2237 698 2298 esse
714 2240 773 2298 in
798 2238 990 2313 Italia,
1009 2237 1220 2319 seseque
1243 2240 1307 2299 ad
1353 2259 1412 2301 te

197 2344 403 2405 pueros
425 2327 665 2384 mitteret
687 2344 829 2403 quos
845 2324 956 2385 sme
972 2328 1106 2386 meis
1139 2326 1310 2387 literis
1325 2320 1408 2389 i‘re

198 2410 377 2469 nolui:
404 2430 524 2470 non
548 2430 662 2489 quo
679 2411 1104 2491 haberem,quod
1122 2414 1220 2471 tibi
1223 2432 1403 2491 ,prae-

200 2493 381 2557 sertim
392 2495 504 2575 jam
519 2516 689 2577 prope
706 2495 968 2575 praesenti
976 2496 1301 2573 ,scriberem
1315 2494 1405 2557 sed
