1734 3067
300 132 416 193 226
608 132 1256 191 EPISTOLARUM

298 242 373 283 ex
413 224 565 285 imus
604 227 779 288 literis
824 248 942 286 rem
977 226 1124 286 illam
1156 246 1315 289 curae
1331 225 1522 304 fuiffe,

302 311 461 389 quod
479 314 530 371 ei
552 329 867 391 pergratum
889 328 1025 373 erat.
1045 312 1135 381 sed
1147 334 1272 375 cum
1297 321 1518 375 Patron

302 418 519 459 mecum
534 396 741 475 egiffet‚
757 413 818 457 ut
834 415 1074 478 peterem
1089 420 1120 457 a
1135 398 1312 467 vestro
1329 406 1516 461 Areo-

306 505 477 563 pag0,
494 491 904 553 ῠπομυηματισμὸν
921 484 1201 558 tollerent,
1215 505 1380 564 quem
1397 492 1512 545 Po-

303 568 591 647 lycharmo
609 576 741 629 Prae
748 588 867 632 tore
883 568 1147 644 fecerant,
1158 571 1512 641 commodius

306 654 483 717 visum
497 655 569 717 est
585 670 641 715 et
662 659 914 729 Xenoni,
931 672 984 715 et
1007 656 1123 735 post
1145 655 1246 737 ipfi
1260 659 1514 733 Patroni,

306 762 397 814 me
432 742 503 801 ad
532 744 855 804 Memmium
889 740 1140 814 scribere,
1179 743 1277 821 qni
1314 744 1512 821 pridie,

308 848 471 907 quam
488 848 593 905 ego
614 831 859 889 Athenas
875 828 1028 901 veni,
1061 828 1360 907 Mitylenas
1376 851 1510 908 pro·

305 913 478 975 scetus
492 930 630 988 erat,
649 930 711 973 ut
738 916 786 973 is
816 914 888 976 ad
909 913 1034 973 suos
1065 911 1338 988 striberet,
1360 914 1514 993 poffiz

306 1000 369 1069 id
388 998 483 1061 sua
495 1000 782 1062 voluntate
802 998 940 1061 fieri.
987 1020 1106 1065 non
1123 1002 1275 1067 enim
1294 1001 1510 1069 dubita-

308 1088 405 1149 bat
431 1096 621 1162 Xeno,
656 1088 795 1165 quin
832 1089 902 1145 ab
933 1088 1294 1165 Ateopagitis
1323 1088 1510 1159 invito

309 1175 581 1237 Memmio
614 1174 898 1251 impetrati
927 1193 1052 1237 non
1078 1170 1274 1250 poffet.
1324 1180 1507 1239 Mem-

308 1261 455 1320 mius
468 1276 647 1324 autem
664 1258 984 1322 aedificandi
1001 1256 1282 1324 confilium
1297 1259 1507 1334 abjece-
1557 1296 1565 1301 -

310 1361 419 1405 rat:
436 1342 525 1407 sed
544 1360 661 1405 erat
676 1348 908 1413 Patroni
917 1344 1112 1405 iratus.
1129 1346 1312 1423 itaque
1328 1342 1508 1424 seripfi

310 1430 385 1491 ad
404 1452 527 1493 eum
550 1444 819 1493 accurate:
844 1431 1002 1508 cujus
1032 1430 1286 1509 epistolae
1301 1428 1417 1489 mifi
1439 1428 1508 1491 ad

310 1516 713 1596 teexemplum.
732 1533 789 1575 tu
795 1560 815 1592 ,
836 1517 1002 1577 velim
1007 1515 1216 1593 ,Piliam
1231 1517 1368 1577 meis
1381 1536 1508 1576 ver-

311 1606 399 1665 bis
422 1602 722 1665 consoleree
748 1602 1008 1663 indicabo
1027 1604 1175 1663 enim
1191 1603 1314 1678 tibi,
1337 1616 1402 1663 tu
1425 1602 1508 1661 illi

312 1690 457 1750 nihil
472 1690 700 1751 dixeris.
745 1690 928 1769 accepi
951 1686 1284 1764 fasciculum,
1313 1689 1376 1747 in
1391 1708 1510 1769 quo

312 1792 431 1839 erat
452 1774 673 1856 epistola
696 1774 886 1839 Piliae·
919 1772 1128 1849 abstuli,
1150 1776 1360 1854 aperui,
1375 1774 1508 1851 legi·

312 1860 473 1923 valde
509 1860 703 1940 stripta
737 1860 813 1921 est
846 1872 1142 1931 συμπαθεῖς
1201 1858 1510 1921 Brundufio

312 1967 453 2027 quae
466 1950 566 2007 tibi
582 1944 832 2035 epistolae
847 1946 1089 2011 redditae
1101 1944 1224 2007 sunt
1238 1944 1348 2005 fine
1364 1966 1510 2020 mea,

312 2048 431 2095 tum
444 2032 703 2094 videlicet
715 2032 892 2104 datae,
895 2054 1020 2095 cum
1035 2054 1140 2111 ego
1155 2052 1375 2093 menon
1391 2032 1508 2093 bel-

309 2119 367 2179 le
390 2122 663 2181 haberem.
709 2139 835 2179 nam
866 2117 1015 2179 illam
1047 2150 1186 2189 νομα
1167 2126 1311 2193 δρίαν
1339 2139 1506 2177 excu-

312 2205 579 2270 sationem
618 2227 688 2266 ne
710 2207 1005 2284 acceperis».
1052 2225 1204 2281 cura,
1233 2219 1298 2265 ut
1319 2206 1512 2267 omnia

315 2290 499 2374 sciam,
514 2292 603 2356 sed
622 2293 882 2373 maxime,
903 2306 966 2352 ut
979 2290 1182 2355 valeas.
