1734 3067
347 192 458 255 374
613 171 1275 235 EPISTOLARUM

345 276 454 335 hoc
473 287 652 331 tamen
669 270 852 352 spero,
869 288 1129 346 magnum
1146 288 1359 326 nomen
1376 268 1559 346 impe-

345 360 548 419 ratoris
570 358 712 433 fore,
731 376 991 434 magnum
1014 357 1073 413 in
1104 354 1345 413 adventu
1372 370 1555 413 terro—

345 466 462 505 rem
482 488 499 503 .
531 488 548 504 .
573 487 588 503 .
617 442 772 523 spero
798 442 1247 519 etiam,quoniam
1264 440 1449 499 adhuc
1464 442 1553 498 ni·
1710 464 1712 533 Ι

346 531 427 590 hil
451 532 613 589 nobis
639 528 840 602 obfuit,
881 528 1017 586 nihil
1044 524 1292 583 mutasse.
1340 544 1446 583 nec
1472 541 1553 583 te·

347 617 535 693 gentia
550 619 682 688 hoc,
703 614 854 693 quod
867 633 996 673 cum
1010 610 1227 670 fortiter
1246 628 1302 669 et
1318 611 1415 669 dili
1420 633 1553 689 gen-

347 719 450 774 ter,
476 717 592 759 tum
617 703 780 759 etiam
809 698 1117 757 mehercule
1135 739 1149 753 .
1174 741 1189 757 .
1213 741 1227 757 .
1258 740 1273 754 .
1304 699 1478 756 modo
1494 719 1552 755 e-

347 790 466 846 nim
505 787 694 846 audivi
721 800 1051 865 quartanam
1090 805 1121 842 a
1158 799 1213 841 te
1250 781 1550 844 disceffisse.

347 874 574 945 moriar,
594 871 634 931 fi
648 872 820 947 magis
836 869 1126 947 gauderem
1150 868 1187 927 fi
1212 869 1265 927 id
1291 872 1429 927 mihi
1462 891 1553 928 ac·

347 958 574 1017 cidisset.
599 958 764 1017 Piliae
780 956 868 1014 dic
886 976 1004 1013 non
1028 955 1130 1015 effe
1154 974 1416 1032 aequum,
1434 976 1553 1014 eam

347 1042 554 1103 diutius
575 1046 791 1117 habere,
815 1060 917 1101 nec
945 1040 1005 1099 id
1038 1041 1140 1099 effe
1176 1039 1383 1099 vestrae
1420 1062 1555 1100 con-

349 1129 587 1189 cordiae.
635 1131 909 1187 Tironem
932 1128 1173 1186 nostrum
1190 1128 1259 1185 ab
1274 1126 1451 1184 altera
1468 1142 1551 1185 re-

349 1217 536 1275 netum
569 1214 760 1273 audio.
805 1211 893 1272 sed
926 1234 1053 1272 eum
1086 1214 1255 1273 video
1280 1215 1339 1270 in
1369 1211 1554 1292 sump-

349 1318 468 1359 tum
485 1306 552 1359 ab
567 1300 686 1358 aliis
707 1314 1039 1359 mutuatum:
1056 1320 1161 1376 ego
1171 1320 1237 1356 au
1246 1314 1357 1357 tem
1382 1301 1552 1357 Curi·-

349 1408 443 1445 um
463 1386 730 1458 nostrum,
745 1385 782 1445 fi
798 1385 931 1464 quid
948 1406 1091 1464 opus
1106 1384 1251 1459 effer,
1275 1404 1553 1462 rogaram.

351 1474 498 1531 malo
515 1474 752 1531 Tironis
771 1471 1155 1530 verecundiam
1171 1473 1230 1529 in
1248 1471 1408 1552 culpa
1423 1469 1553 1547 effe,

353 1578 516 1637 quam
542 1556 960 1618 illiberalitatem
978 1558 1155 1616 Curii.

569 1749 822 1789 cler-:no
861 1749 1127 1789 ATtho
1168 1748 1321 1789 sn..
1434 1794 1447 1805 .

437 1821 626 1875 Unum
659 1819 821 1875 etiam
861 1816 1025 1875 restat
1062 1819 1240 1875 amico
1274 1812 1465 1874 nostro
1484 1813 1553 1875 ad
1584 1818 1609 1863 7

353 1922 522 1962 omne
537 1902 769 1961 dedecus
775 1918 859 1976 ‚ut
884 1904 1138 1961 Domitio
1154 1923 1273 1960 non
1298 1900 1547 1961 subveni·

352 2003 428 2048 at.
447 2004 504 2046 at
518 2008 684 2047 nemo
699 1988 933 2063 dubitat,
950 1991 1085 2067 quin
1108 1986 1337 2046 subfidio
1354 2004 1549 2047 ventu·

350 2094 446 2135 rus
463 2066 548 2132 fitz'
571 2094 676 2151 ego
691 2095 810 2133 non
827 2068 1192 2152 pnto.deseret
1206 2075 1375 2149 igitur
1390 2075 1551 2133 talem

349 2161 550 2235 civem,
567 2174 622 2216 et
635 2180 756 2233 eOS,
779 2179 921 2237 quos
935 2180 1047 2217 una
1062 2159 1162 2218 scis
1174 2158 1303 2217 effe?
1323 2180 1446 2218 cum
1462 2163 1549 2217 ha-

348 2245 475 2301 beat
496 2242 810 2320 praesertim
849 2261 906 2301 et
930 2242 1041 2323 ipse
1070 2247 1331 2303 cohortes
1360 2264 1458 2303 xx
1472 2246 1549 2303 x?

345 2326 446 2384 nifi
467 2348 556 2386 me
569 2330 760 2388 omnia
789 2328 1014 2401 fallunt,
1038 2328 1265 2388 deseret.
1312 2331 1549 2390 incredi-

341 2411 528 2468 biliter
559 2414 848 2490 pertimuit
867 2436 885 2471 =
924 2415 1065 2472 nihil
1104 2413 1305 2493 speeiat
1338 2414 1439 2473 nifi
1468 2416 1548 2475 fu-

337 2512 492 2569 gamz
513 2499 602 2556 cui
626 2511 684 2555 tu
703 2496 899 2568 (video
914 2502 1065 2561 enim
1082 2500 1217 2580 quid
1230 2498 1557 2579 sentias)me
1616 2536 1623 2541 ·
