1734 3067
283 216 288 223 ·
338 187 418 247 18
605 184 1269 245 EP·18TOLARUM

335 289 503 347 triam
515 283 750 359 videret,
762 286 931 345 toties
949 283 1000 344 se
1021 284 1345 347 beneficium
1360 304 1552 351 meum

335 374 543 435 videre.
592 371 729 452 quid
743 370 943 431 multa?
966 387 1149 432 totum
1162 375 1313 431 hunc
1334 373 1572 452 locum‚'

337 480 504 540 quem
519 480 628 537 ego
654 459 804 519 varie
832 459 967 519 meis
994 460 1370 534 orationibus,
1404 480 1553 539 qna-

333 566 462 615 rum
485 561 548 605 tu
571 544 913 606 Aristarchus
930 564 1010 620 es,
1032 543 1184 605 soleo
1200 546 1453 623 pingere,
1476 545 1555 607 de·

335 631 647 705 flamma,de
661 631 830 706 ferro,
866 630 1040 701 (nosti
1051 630 1173 691 illas
1191 636 1410 709 ληκόθυς)
1421 631 1551 692 val·

335 718 408 781 de
427 721 669 797 graviter
689 719 989 799 pertexuit.
1017 719 1271 797 proxime
1286 721 1553 800 Pompei·

335 826 434 877 um
449 804 719 865 sedebam.
781 802 1033 863 intellexi
1049 804 1332 865 hominem
1348 825 1553 867 move·

335 894 413 967 1i;
453 907 642 951 utrum
659 888 909 950 Crass'um
944 891 1086 949 inire
1120 910 1243 949 eam
1278 893 1549 969 gratiam,

335 1000 510 1059 quam
519 974 633 1057 ipse
649 974 1076 1059 praetermififfet
1094 998 1113 1047 3
1148 997 1221 1035 an
1238 975 1343 1037 effe
1358 992 1550 1040 tantas

333 1086 428 1129 tes
445 1064 680 1139 nostras,
707 1084 847 1144 quae
863 1079 978 1123 tam
992 1062 1187 1121 libenti
1201 1069 1401 1123 Senatu
1426 1064 1551 1125 lau-

335 1152 624 1225 darentur,
639 1153 708 1211 ab
721 1171 789 1209 eo
807 1147 1143 1228 praesertim,
1159 1151 1258 1229 qui
1272 1151 1409 1210 mihi
1423 1150 1552 1211 lau·

335 1238 462 1301 dem
486 1238 634 1297 illam
657 1260 724 1297 eo
741 1239 927 1296 minus
956 1236 1197 1311 deberet,
1226 1235 1378 1315 quod
1406 1239 1552 1299 meis

335 1327 597 1387 omnibus
613 1323 789 1383 literis
807 1325 871 1383 in
881 1323 1217 1404 Pompeiana
1241 1322 1403 1384 laude
1417 1344 1551 1405 per-

333 1410 550 1474 stridtus
579 1408 727 1472 ess'et.
765 1412 862 1471 hic
893 1409 1012 1470 dies
1048 1431 1137 1469 me
1159 1408 1321 1470 valde
1352 1409 1553 1472 Crasso

335 1499 618 1576 adjunxitz
651 1513 708 1557 et
727 1513 936 1572 tamen,
960 1498 1029 1556 ab
1049 1496 1149 1555 ino
1164 1512 1372 1575 aperte,
1402 1500 1552 1559 tedie

337 1584 612 1667 quidquid
626 1583 700 1645 est
715 1583 928 1657 datum,
940 1582 1179 1646 libenter
1202 1586 1406 1664 accepi.
1436 1604 1551 1663 ego

337 1688 523 1737 autem
538 1669 673 1752 ipse,
701 1669 776 1729 dii
787 1671 951 1743 boni!
982 1690 1098 1750 quo
1118 1668 1296 1729 modo
1318 1677 1553 1747 ‘’unfu-

335 1770 562 1839 ρρυσάμηυ
593 1778 748 1817 novo
777 1755 1020 1817 auditori
1043 1756 1335 1833 Pompeio?
1375 1754 1417 1817 fi
1439 1779 1553 1819 un-

336 1866 506 1927 quam
522 1844 656 1904 mihi
671 1851 887 1918 περίοδοι,
901 1842 942 1902 fi
956 1852 1159 1913 καμπαῖ,
1174 1840 1215 1901 fi
1228 1850 1552 1914 ἔνθυμῆματα,

337 1934 380 1995 fi
392 1940 675 1993 κατασκευαὶ
690 1928 1196 2012 suppeditaverunt,
1212 1928 1311 1989 illo
1328 1944 1557 2011 tempo-

341 2042 421 2081 re.
455 2017 800 2102 quidmulta?
833 2015 1125 2091 clamores.
1156 2030 1215 2075 et
1243 2017 1392 2077 enim
1412 2020 1552 2080 haec

338 2124 460 2169 erat
483 2115 708 2179 ὑπόθεσις,
739 2103 808 2164 de
829 2104 1098 2182 gravitate
1121 2100 1358 2178 ordinis,
1393 2104 1465 2164 de
1486 2126 1553 2165 e·

338 2193 542 2274 questri
560 2187 950 2265 concordia,de
964 2186 1319 2250 consensione
1332 2190 1555 2267 Italiae,

339 2282 411 2341 de
426 2279 738 2341 immortuis
753 2276 998 2357 reliquiis
1015 2274 1450 2352 conjurationis,
1476 2276 1555 2337 de

340 2368 576 2441 vilitate,
591 2365 657 2427 de
681 2366 822 2425 otio.
878 2361 1149 2438 nostijam
1166 2362 1227 2421 in
1240 2365 1343 2424 hac
1373 2378 1554 2422 mate-

343 2456 427 2525 ria
440 2451 652 2515 sonitus
669 2449 909 2512 nostros=
928 2449 1072 2508 tanti
1092 2447 1339 2523 fuerunt,
1354 2463 1418 2509 ut
1440 2468 1565 2527 ego

335 2560 411 2624 59
425 2542 651 2637 brevior
666 2536 786 2619 sim,
801 2534 957 2620 quod
971 2554 1069 2601 eos
1092 2532 1261 2618 usque
1274 2532 1433 2599 istinc
1446 2554 1557 2625 εις-ἶ
