1734 3067
372 138 491 192 AD
521 133 962 193 ATTICUM
1010 136 1224 191 L12.v.
1271 152 1378 197 221

154 290 171 308 „
193 244 327 290 raut
344 228 649 289 sciamus.id
668 231 791 288 unis
804 229 1092 307 diligenter
1107 230 1279 287 literis
1293 229 1388 288 da-

192 317 267 375 tis
272 336 433 395 ‚quae
447 314 515 375 ad
528 338 613 376 me
630 318 816 395 utique
830 314 1387 395 perferantur‚conse-

194 406 386 481 quere.
406 402 537 461 illud
560 417 740 461 tamen
758 399 1050 480 (quoniam
1077 422 1225 460 nunc
1241 403 1391 475 abes,

193 509 321 547 cum
336 488 394 547 id
412 508 529 547 non
546 492 746 565 agitur=
773 486 952 547 aderis
969 502 1148 547 autem
1166 488 1232 547 ad
1251 504 1390 546 tem·

192 594 297 652 pus
304 618 323 649 ,
337 590 397 632 ut
419 575 552 632 mihi
570 571 895 653 rescripfisti)
913 590 1188 633 memento
1203 592 1392 631 curare

190 680 291 739 per
314 675 390 733 te,
426 675 480 717 et
502 680 597 739 per
619 680 811 718 omnes
836 658 1080 731 ποθι-οε,
1109 662 1168 717 in
1200 658 1392 738 primis

191 765 291 824 per
306 744 745 819 Hortenfium,ut
770 766 951 803 annus
969 744 1150 803 noster
1171 761 1393 803 maneat

192 829 293 889 suo
317 829 451 888 statu
457 874 476 905 ,
494 852 563 889 ne
579 830 712 909 quid
732 832 872 889 novi
905 830 1242 890 decernatur.
1285 835 1394 891 hoc

196 919 300 975 tibi
322 918 398 975 ita
432 918 660 991 mando,
699 932 763 974 ut
783 917 1024 975 dubitem
1049 938 1118 974 an
1152 919 1310 974 etiam
1336 933 1394 975 te

196 1022 409 1081 rogem,
440 1018 502 1061 ut
538 1022 751 1082 pugnes
786 1023 857 1059 ne
887 996 1256 1061 intercaletur}
1303 1001 1394 1061 sed

196 1110 317 1147 non
340 1087 527 1147 audeo.
544 1090 645 1147 tibi
670 1088 857 1147 omnia
879 1108 1050 1147 onera
1073 1089 1386 1167 imponere:

193 1194 402 1233 annum
440 1173 658 1253 quidem
696 1175 888 1252 utique
929 1189 1136 1232 teneto.
1197 1175 1392 1233 Cicero

192 1280 370 1331 mem,
388 1258 789 1318 modestissimus
806 1274 861 1317 et
887 1258 1213 1319 suavissimus
1233 1281 1388 1339 puer,

191 1347 293 1405 tibi
316 1344 537 1405 salutem
556 1346 715 1405 dicit.
764 1345 1094 1422 Dionyfium
1113 1345 1319 1423 sempe'r
1333 1368 1391 1405 e-

193 1432 440 1510 quidem,
457 1447 520 1489 ut
541 1429 663 1502 scis,
680 1431 874 1505 dilexi,
899 1430 988 1491 sed
1005 1431 1251 1509 quotidie
1269 1432 1392 1510 plu-

193 1520 273 1576 ris
299 1516 465 1591 facie,
483 1533 535 1575 et
552 1517 857 1576 mehercule
882 1519 938 1574 in
956 1519 1148 1595 primis
1165 1518 1320 1594 qubd
1339 1533 1394 1575 te

193 1619 360 1681 amat,
398 1624 500 1663 nec
527 1605 609 1663 tui
638 1606 978 1663 mentionem
1002 1605 1295 1663 intermitti
1325 1602 1392 1662 fi-

197 1690 303 1749 nit.

418 1880 681 1922 cml-:Ro
720 1881 981 1923 ATnco
1023 1885 1172 1925 sAL.

148 1970 201 2007 ιο
280 1952 359 2006 Ut
394 1951 641 2006 Athenas
682 1969 734 2007 a.
775 1947 833 2008 d.
864 1970 941 2011 vx
963 1970 984 2011 1
1031 1950 1146 2009 kal.
1185 1951 1388 2025 Quint.

200 2053 479 2106 veneram,
511 2036 859 2113 expeftabam
885 2036 962 2093 ibi
988 2037 1104 2113 jam
1137 2052 1394 2114 quartum

198 2118 343 2179 diem
377 2120 713 2178 Pontiniume
740 2130 919 2199 neque
941 2121 1006 2180 de
1021 2124 1138 2199 ejus
1155 2122 1398 2179 adventu

205 2205 342 2262 certi
364 2205 655 2283 quicquam
692 2208 983 2265 habebam:
1027 2228 1170 2265 eram
1213 2222 1396 2265 autem

207 2304 382 2362 totus,
407 2290 566 2347 crede
586 2292 741 2363 mihi,
760 2308 960 2351 tecum:
1001 2309 1056 2351 et
1078 2312 1398 2371 quanquam

206 2373 315 2433 fine
330 2376 414 2433 his
430 2396 527 2454 per
541 2396 627 2434 me
643 2375 771 2456 ipse,
788 2393 972 2437 tamen
991 2381 1166 2436 acrius
1183 2379 1308 2439 vesti
1314 2379 1398 2453 gi-

210 2460 257 2519 is
295 2462 405 2519 tuis
434 2463 682 2521 monitus
704 2462 771 2521 de
795 2479 849 2523 te
882 2466 1208 2544 cogitabam.
1261 2461 1398 2545 quid

734 2552 867 2626 Ka
