1734 3067
309 137 420 195 208

367 508 1479 630 EPI'sToLARUM
1582 611 1587 615 ,

843 742 998 795 AD

476 915 563 1005 A
609 910 700 1004 T
745 916 838 1011 T
885 918 925 1011 I
972 916 1057 1011 C
1101 916 1200 1016 U
1249 912 1367 1005 M

467 1154 472 1161 ·
533 1156 822 1213 LIBER
865 1088 1297 1225 QUINTUS}

541 1364 804 1406 exemto
845 1366 1115 1407 ATTlco
1152 1366 1299 1406 SAL.

461 1436 580 1509 „Go
605 1452 741 1490 vero
762 1450 820 1492 et
839 1437 1071 1493 tuumin
1092 1429 1313 1491 discess'u
1328 1428 1443 1490 vidi
1460 1449 1529 1487 a·

517 1519 727 1577 nimum
745 1560 764 1591 ,
803 1535 862 1577 et
898 1540 1021 1579 meo
1060 1516 1176 1577 sum
1198 1514 1311 1597 ipse
1346 1514 1525 1575 testis:

319 1620 434 1679 quo
455 1605 628 1679 magis
663 1606 766 1662 erit
797 1605 898 1665 tibi
922 1603 1241 1676 videndum,
1282 1623 1353 1660 ne
1381 1601 1525 1679 quid

315 1690 454 1746 novi
469 1688 818 1761 decet-natum
837 1705 899 1749 ut
920 1693 1031 1749 hoc
1046 1688 1291 1748 nostrum
1312 1686 1523 1745 defide-

315 1774 458 1831 rium
477 1794 546 1830 ne
559 1774 680 1852 plus
707 1772 771 1834 fit
807 1796 994 1835 annun
1002 1796 1079 1833 m.
1124 1772 1193 1833 de
1212 1774 1403 1831 Annio
1420 1780 1521 1830 Sa-

314 1859 544 1917 turnino
559 1880 622 1917 cu
629 1858 748 1917 rasti
761 1863 955 1939 probe.
968 1861 1035 1919 de
1050 1858 1357 1919 satisdando
1377 1878 1525 1915 vero

313 1958 368 2001 te
383 1964 546 2020 roge,
555 1946 738 2021 quoad
752 1949 859 2005 eris
871 1952 1102 2025 Romae,
1118 1962 1177 2005 tu
1197 1960 1258 2003 nt
1276 1943 1517 2003 satisdes.

311 2044 366 2089 et
391 2028 522 2089 sunt
547 2030 758 2108 aliquot
790 2030 1167 2091 satisdationes
1213 2029 1515 2089 secundum

312 2117 646 2197 mancipium
667 2159 684 2190 ,
727 2119 786 2174 in
824 2120 908 2175 his
950 2133 1004 2175 et
1043 2115 1519 2177 Memmian'orum

311 2202 682 2279 praediorum,
700 2202 788 2261 vel
815 2202 1209 2261 Atilianorum.
1234 2201 1301 2259 de
1328 2202 1517 2279 Oppio

309 2285 512 2343 fadium
529 2285 598 2341 est
615 2302 677 2343 ut
695 2287 872 2361 volui,
886 2305 940 2345 et
950 2289 1189 2345 maxime
1200 2286 1351 2364 quod
1364 2307 1520 2345 Dece

311 2368 588 2443 aperuisti:
631 2390 769 2446 quae
807 2373 1027 2449 quidem
1059 2392 1165 2447 ego
1203 2372 1393 2447 utique
1420 2372 1519 2430 vel

309 2450 528 2509 versura
548 2452 687 2511 faita
711 2453 852 2515 solvi
875 2456 1033 2530 volo;
1061 2476 1132 2515 ne
1154 2470 1399 2515 extrema
1412 2476 1518 2516 ex-
