<?xml version="1.0" encoding="UTF-8"?>
<!DOCTYPE html PUBLIC "-//W3C//DTD XHTML 1.0 Transitional//EN"
    "http://www.w3.org/TR/xhtml1/DTD/xhtml1-transitional.dtd">
<html xmlns="http://www.w3.org/1999/xhtml" xml:lang="en" lang="en">
 <head>
  <title>
</title>
<meta http-equiv="Content-Type" content="text/html;charset=utf-8" />
  <meta name='ocr-system' content='tesseract 3.04.00' />
  <meta name='ocr-capabilities' content='ocr_page ocr_carea ocr_par ocr_line ocrx_word'/>
</head>
<body>
  <div class='ocr_page' id='page_1' title='image "./mtulliiciceroni15unkngoog_0359.png"; bbox 0 0 1734 3067; ppageno 0'>
   <div class='ocr_carea' id='block_1_1' title="bbox 349 170 1394 245">
    <p class='ocr_par' dir='ltr' id='par_1_1' title="bbox 349 170 1394 245">
     <span class='ocr_line' id='line_1_1' title="bbox 349 170 1394 245; baseline 0.001 -22"><span class='ocrx_word' id='word_1_1' title='bbox 349 170 401 223; x_wconf 87' lang='lat' dir='ltr'><strong>A</strong></span> <span class='ocrx_word' id='word_1_2' title='bbox 414 172 467 225; x_wconf 93' lang='lat' dir='ltr'>D</span> <span class='ocrx_word' id='word_1_3' title='bbox 494 174 543 225; x_wconf 86' lang='lat' dir='ltr'><strong>A</strong></span> <span class='ocrx_word' id='word_1_4' title='bbox 559 170 691 227; x_wconf 78' lang='grc' dir='ltr'>ΤΤ</span> <span class='ocrx_word' id='word_1_5' title='bbox 704 170 778 226; x_wconf 88' lang='lat' dir='ltr'>IC</span> <span class='ocrx_word' id='word_1_6' title='bbox 795 171 922 226; x_wconf 76' lang='grc' dir='ltr'>ΠΜ</span> <span class='ocrx_word' id='word_1_7' title='bbox 941 172 1064 225; x_wconf 72' lang='lat' dir='ltr'>Lm.</span> <span class='ocrx_word' id='word_1_8' title='bbox 1083 172 1240 225; x_wconf 86' lang='lat' dir='ltr'><strong>·vn.</strong></span> <span class='ocrx_word' id='word_1_9' title='bbox 1277 184 1394 245; x_wconf 78' lang='lat'>345</span> 
     </span>
    </p>
   </div>
   <div class='ocr_carea' id='block_1_2' title="bbox 158 263 1426 2583">
    <p class='ocr_par' dir='ltr' id='par_1_2' title="bbox 158 263 1426 2583">
     <span class='ocr_line' id='line_1_2' title="bbox 176 263 1387 345; baseline -0.003 -19"><span class='ocrx_word' id='word_1_10' title='bbox 176 268 391 345; x_wconf 81' lang='lat' dir='ltr'>niaque</span> <span class='ocrx_word' id='word_1_11' title='bbox 417 282 471 323; x_wconf 90' lang='lat' dir='ltr'>et</span> <span class='ocrx_word' id='word_1_12' title='bbox 495 267 789 339; x_wconf 78' lang='lat' dir='ltr'>cumulate,</span> <span class='ocrx_word' id='word_1_13' title='bbox 820 286 960 345; x_wconf 82' lang='lat' dir='ltr'>quae</span> <span class='ocrx_word' id='word_1_14' title='bbox 977 263 1228 343; x_wconf 85' lang='lat' dir='ltr'>postulet,</span> <span class='ocrx_word' id='word_1_15' title='bbox 1245 264 1387 335; x_wconf 75' lang='lat' dir='ltr'>dax-13</span> 
     </span>
     <span class='ocr_line' id='line_1_3' title="bbox 176 348 1389 432; baseline -0.001 -23"><span class='ocrx_word' id='word_1_16' title='bbox 176 374 333 432; x_wconf 82' lang='lat' dir='ltr'>quae</span> <span class='ocrx_word' id='word_1_17' title='bbox 352 350 443 411; x_wconf 88' lang='lat' dir='ltr'>ille</span> <span class='ocrx_word' id='word_1_18' title='bbox 470 352 855 411; x_wconf 75' lang='lat' dir='ltr'>amentissim&#39;us</span> <span class='ocrx_word' id='word_1_19' title='bbox 879 352 1064 424; x_wconf 86' lang='lat' dir='ltr'>fuerit,</span> <span class='ocrx_word' id='word_1_20' title='bbox 1099 348 1200 409; x_wconf 81' lang='lat' dir='ltr'>nisi</span> <span class='ocrx_word' id='word_1_21' title='bbox 1236 370 1389 410; x_wconf 82' lang='lat' dir='ltr'>acce·</span> 
     </span>
     <span class='ocr_line' id='line_1_4' title="bbox 178 436 1390 519; baseline -0.002 -22"><span class='ocrx_word' id='word_1_22' title='bbox 178 441 367 519; x_wconf 86' lang='lat' dir='ltr'>perit,</span> <span class='ocrx_word' id='word_1_23' title='bbox 413 436 725 515; x_wconf 81' lang='lat' dir='ltr'>praesertim</span> <span class='ocrx_word' id='word_1_24' title='bbox 770 458 895 497; x_wconf 87' lang='lat' dir='ltr'>cum</span> <span class='ocrx_word' id='word_1_25' title='bbox 935 436 1294 515; x_wconf 69' lang='lat' dir='ltr'>impudentiis</span> <span class='ocrx_word' id='word_1_26' title='bbox 1301 456 1390 495; x_wconf 85' lang='lat' dir='ltr'>me</span> 
     </span>
     <span class='ocr_line' id='line_1_5' title="bbox 180 516 1389 603; baseline -0.002 -21"><span class='ocrx_word' id='word_1_27' title='bbox 180 524 563 603; x_wconf 85' lang='lat' dir='ltr'>postulaverit.</span> <span class='ocrx_word' id='word_1_28' title='bbox 602 526 725 601; x_wconf 80' lang='lat' dir='ltr'>quis</span> <span class='ocrx_word' id='word_1_29' title='bbox 742 526 890 583; x_wconf 86' lang='lat' dir='ltr'>euim</span> <span class='ocrx_word' id='word_1_30' title='bbox 915 539 972 581; x_wconf 90' lang='lat' dir='ltr'>tu</span> <span class='ocrx_word' id='word_1_31' title='bbox 999 542 1079 592; x_wconf 85' lang='lat' dir='ltr'>es,</span> <span class='ocrx_word' id='word_1_32' title='bbox 1097 524 1192 599; x_wconf 90' lang='lat' dir='ltr'>qui</span> <span class='ocrx_word' id='word_1_33' title='bbox 1213 516 1389 595; x_wconf 69' lang='grc' dir='ltr'><strong><em>ἀίεα3,</em></strong></span> 
     </span>
     <span class='ocr_line' id='line_1_6' title="bbox 179 606 1387 689; baseline -0.003 -20"><span class='ocrx_word' id='word_1_34' title='bbox 179 610 258 669; x_wconf 86' lang='lat' dir='ltr'>fi</span> <span class='ocrx_word' id='word_1_35' title='bbox 242 632 302 667; x_wconf 85' lang='lat' dir='ltr'>m</span> <span class='ocrx_word' id='word_1_36' title='bbox 332 608 649 686; x_wconf 84' lang='lat' dir='ltr'>Hispaniam</span> <span class='ocrx_word' id='word_1_37' title='bbox 674 608 950 689; x_wconf 65' lang='lat' dir='ltr'>profeflus</span> <span class='ocrx_word' id='word_1_38' title='bbox 967 610 1092 679; x_wconf 78' lang='lat' dir='ltr'>erit,</span> <span class='ocrx_word' id='word_1_39' title='bbox 1123 607 1162 666; x_wconf 89' lang='lat' dir='ltr'>fi</span> <span class='ocrx_word' id='word_1_40' title='bbox 1192 606 1387 686; x_wconf 83' lang='lat' dir='ltr'>praefi·</span> 
     </span>
     <span class='ocr_line' id='line_1_7' title="bbox 178 693 1388 765; baseline -0.003 -10"><span class='ocrx_word' id='word_1_41' title='bbox 178 697 279 755; x_wconf 84' lang='lat' dir='ltr'>dia</span> <span class='ocrx_word' id='word_1_42' title='bbox 302 693 590 753; x_wconf 77' lang='lat' dir='ltr'>dimiserit?</span> <span class='ocrx_word' id='word_1_43' title='bbox 620 712 801 753; x_wconf 83' lang='lat' dir='ltr'>tamen</span> <span class='ocrx_word' id='word_1_44' title='bbox 828 694 1177 765; x_wconf 85' lang='lat' dir='ltr'>conceditur,</span> <span class='ocrx_word' id='word_1_45' title='bbox 1199 694 1388 753; x_wconf 69' lang='lat' dir='ltr'>minus</span> 
     </span>
     <span class='ocr_line' id='line_1_8' title="bbox 158 778 1386 858; baseline -0.002 -19"><span class='ocrx_word' id='word_1_46' title='bbox 158 780 409 839; x_wconf 81' lang='lat' dir='ltr'>-boneste</span> <span class='ocrx_word' id='word_1_47' title='bbox 428 802 579 839; x_wconf 86' lang='lat' dir='ltr'>nunc</span> <span class='ocrx_word' id='word_1_48' title='bbox 598 782 841 858; x_wconf 88' lang='lat' dir='ltr'>quidem,</span> <span class='ocrx_word' id='word_1_49' title='bbox 860 780 1105 839; x_wconf 74' lang='lat' dir='ltr'>violata</span> <span class='ocrx_word' id='word_1_50' title='bbox 1081 800 1200 857; x_wconf 72' lang='lat' dir='ltr'>jam</span> <span class='ocrx_word' id='word_1_51' title='bbox 1225 781 1294 837; x_wconf 84' lang='lat' dir='ltr'>ab</span> <span class='ocrx_word' id='word_1_52' title='bbox 1318 778 1386 837; x_wconf 89' lang='lat' dir='ltr'>il</span> 
     </span>
     <span class='ocr_line' id='line_1_9' title="bbox 177 864 1388 947; baseline -0.001 -21"><span class='ocrx_word' id='word_1_53' title='bbox 177 868 241 926; x_wconf 76' lang='lat' dir='ltr'>lo</span> <span class='ocrx_word' id='word_1_54' title='bbox 268 868 588 945; x_wconf 71' lang='lat' dir='ltr'>Republica,</span> <span class='ocrx_word' id='word_1_55' title='bbox 600 866 874 947; x_wconf 84' lang='lat' dir='ltr'>illatoque</span> <span class='ocrx_word' id='word_1_56' title='bbox 894 864 1068 939; x_wconf 77' lang='lat' dir='ltr'>bello,-</span> <span class='ocrx_word' id='word_1_57' title='bbox 1083 886 1244 943; x_wconf 81' lang='lat' dir='ltr'>quarn</span> <span class='ocrx_word' id='word_1_58' title='bbox 1260 865 1296 924; x_wconf 87' lang='lat' dir='ltr'>fi</span> <span class='ocrx_word' id='word_1_59' title='bbox 1321 887 1388 925; x_wconf 85' lang='grc' dir='ltr'>ο·</span> 
     </span>
     <span class='ocr_line' id='line_1_10' title="bbox 180 949 1386 1031; baseline -0.002 -19"><span class='ocrx_word' id='word_1_60' title='bbox 180 954 284 1012; x_wconf 70' lang='lat' dir='ltr'>lim</span> <span class='ocrx_word' id='word_1_61' title='bbox 309 954 377 1010; x_wconf 91' lang='lat' dir='ltr'>de</span> <span class='ocrx_word' id='word_1_62' title='bbox 401 954 615 1011; x_wconf 78' lang='lat' dir='ltr'>ratione</span> <span class='ocrx_word' id='word_1_63' title='bbox 654 952 902 1011; x_wconf 85' lang='lat' dir='ltr'>habenda</span> <span class='ocrx_word' id='word_1_64' title='bbox 938 949 1288 1031; x_wconf 67' lang='lat' dir='ltr'>impetrasset.</span> <span class='ocrx_word' id='word_1_65' title='bbox 1329 965 1386 1011; x_wconf 81' lang='lat' dir='ltr'>et</span> 
     </span>
     <span class='ocr_line' id='line_1_11' title="bbox 180 1036 1380 1117; baseline -0.002 -18"><span class='ocrx_word' id='word_1_66' title='bbox 180 1057 373 1099; x_wconf 78' lang='lat' dir='ltr'>tamen</span> <span class='ocrx_word' id='word_1_67' title='bbox 397 1058 614 1111; x_wconf 83' lang='lat' dir='ltr'>vereor,</span> <span class='ocrx_word' id='word_1_68' title='bbox 630 1053 693 1097; x_wconf 90' lang='lat' dir='ltr'>ut</span> <span class='ocrx_word' id='word_1_69' title='bbox 714 1041 801 1097; x_wconf 85' lang='lat' dir='ltr'>his</span> <span class='ocrx_word' id='word_1_70' title='bbox 832 1037 958 1117; x_wconf 81' lang='lat' dir='ltr'>ipfis</span> <span class='ocrx_word' id='word_1_71' title='bbox 975 1052 1278 1097; x_wconf 81' lang='lat' dir='ltr'>contentus</span> <span class='ocrx_word' id='word_1_72' title='bbox 1293 1036 1380 1097; x_wconf 85' lang='lat' dir='ltr'>fit.</span> 
     </span>
     <span class='ocr_line' id='line_1_12' title="bbox 176 1122 1388 1185; baseline -0.002 0"><span class='ocrx_word' id='word_1_73' title='bbox 176 1146 319 1185; x_wconf 74' lang='lat' dir='ltr'>nam</span> <span class='ocrx_word' id='word_1_74' title='bbox 336 1144 461 1185; x_wconf 88' lang='lat' dir='ltr'>cum</span> <span class='ocrx_word' id='word_1_75' title='bbox 479 1123 571 1183; x_wconf 88' lang='lat' dir='ltr'>ista</span> <span class='ocrx_word' id='word_1_76' title='bbox 588 1124 845 1183; x_wconf 81' lang='lat' dir='ltr'>mandata</span> <span class='ocrx_word' id='word_1_77' title='bbox 860 1122 1081 1183; x_wconf 72' lang='lat' dir='ltr'>dedisset</span> <span class='ocrx_word' id='word_1_78' title='bbox 1099 1129 1168 1181; x_wconf 85' lang='lat' dir='ltr'>L.</span> <span class='ocrx_word' id='word_1_79' title='bbox 1189 1126 1388 1183; x_wconf 78' lang='lat' dir='ltr'>Caesa·</span> 
     </span>
     <span class='ocr_line' id='line_1_13' title="bbox 181 1208 1386 1289; baseline -0.002 -19"><span class='ocrx_word' id='word_1_80' title='bbox 181 1214 261 1285; x_wconf 85' lang='lat' dir='ltr'>ri,</span> <span class='ocrx_word' id='word_1_81' title='bbox 288 1211 473 1271; x_wconf 85' lang='lat' dir='ltr'>debuit</span> <span class='ocrx_word' id='word_1_82' title='bbox 510 1208 613 1269; x_wconf 83' lang='lat' dir='ltr'>effe</span> <span class='ocrx_word' id='word_1_83' title='bbox 649 1211 813 1289; x_wconf 87' lang='lat' dir='ltr'>paulo</span> <span class='ocrx_word' id='word_1_84' title='bbox 842 1212 1105 1289; x_wconf 80' lang='lat' dir='ltr'>quietior,</span> <span class='ocrx_word' id='word_1_85' title='bbox 1143 1210 1274 1269; x_wconf 83' lang='lat' dir='ltr'>dum</span> <span class='ocrx_word' id='word_1_86' title='bbox 1300 1230 1386 1269; x_wconf 88' lang='lat' dir='ltr'>re-</span> 
     </span>
     <span class='ocr_line' id='line_1_14' title="bbox 180 1294 1387 1377; baseline -0.002 -20"><span class='ocrx_word' id='word_1_87' title='bbox 180 1295 383 1377; x_wconf 84' lang='lat' dir='ltr'>sponsa</span> <span class='ocrx_word' id='word_1_88' title='bbox 398 1294 757 1357; x_wconf 78' lang='lat' dir='ltr'>reserrentur.</span> <span class='ocrx_word' id='word_1_89' title='bbox 802 1298 1003 1356; x_wconf 87' lang='lat' dir='ltr'>dicitur</span> <span class='ocrx_word' id='word_1_90' title='bbox 1025 1312 1209 1355; x_wconf 82' lang='lat' dir='ltr'>autem</span> <span class='ocrx_word' id='word_1_91' title='bbox 1235 1316 1387 1355; x_wconf 83' lang='lat' dir='ltr'>nunc</span> 
     </span>
     <span class='ocr_line' id='line_1_15' title="bbox 180 1381 1386 1458; baseline -0.002 -16"><span class='ocrx_word' id='word_1_92' title='bbox 180 1383 289 1442; x_wconf 83' lang='lat' dir='ltr'>effe</span> <span class='ocrx_word' id='word_1_93' title='bbox 316 1384 636 1442; x_wconf 75' lang='lat' dir='ltr'>acerrimus,</span> <span class='ocrx_word' id='word_1_94' title='bbox 681 1384 980 1441; x_wconf 85' lang='lat' dir='ltr'>Trebatius</span> <span class='ocrx_word' id='word_1_95' title='bbox 1017 1382 1237 1458; x_wconf 86' lang='lat' dir='ltr'>quidem</span> <span class='ocrx_word' id='word_1_96' title='bbox 1261 1381 1386 1443; x_wconf 88' lang='lat' dir='ltr'>scri-</span> 
     </span>
     <span class='ocr_line' id='line_1_16' title="bbox 179 1462 1386 1545; baseline -0.002 -16"><span class='ocrx_word' id='word_1_97' title='bbox 179 1472 290 1542; x_wconf 88' lang='lat' dir='ltr'>bit,</span> <span class='ocrx_word' id='word_1_98' title='bbox 317 1467 369 1526; x_wconf 91' lang='lat' dir='ltr'>se</span> <span class='ocrx_word' id='word_1_99' title='bbox 382 1469 449 1525; x_wconf 77' lang='lat' dir='ltr'>ab</span> <span class='ocrx_word' id='word_1_100' title='bbox 463 1468 563 1527; x_wconf 88' lang='lat' dir='ltr'>illo</span> <span class='ocrx_word' id='word_1_101' title='bbox 584 1490 602 1527; x_wconf 72' lang='grc' dir='ltr'>ι</span> <span class='ocrx_word' id='word_1_102' title='bbox 619 1490 657 1527; x_wconf 83' lang='grc' dir='ltr'>Χ</span> <span class='ocrx_word' id='word_1_103' title='bbox 681 1470 791 1528; x_wconf 83' lang='lat' dir='ltr'>kal.</span> <span class='ocrx_word' id='word_1_104' title='bbox 812 1471 970 1527; x_wconf 87' lang='lat' dir='ltr'>Febr.</span> <span class='ocrx_word' id='word_1_105' title='bbox 991 1484 1242 1545; x_wconf 86' lang='lat' dir='ltr'>rogatum</span> <span class='ocrx_word' id='word_1_106' title='bbox 1259 1462 1386 1543; x_wconf 71' lang='lat' dir='ltr'>effe,</span> 
     </span>
     <span class='ocr_line' id='line_1_17' title="bbox 181 1546 1389 1628; baseline -0.001 -15"><span class='ocrx_word' id='word_1_107' title='bbox 181 1554 527 1615; x_wconf 76' lang='lat' dir='ltr'>ut-sen&#39;beret</span> <span class='ocrx_word' id='word_1_108' title='bbox 547 1556 619 1614; x_wconf 85' lang='lat' dir='ltr'>ad</span> <span class='ocrx_word' id='word_1_109' title='bbox 650 1575 759 1628; x_wconf 79' lang='lat' dir='ltr'>me,</span> <span class='ocrx_word' id='word_1_110' title='bbox 790 1570 852 1613; x_wconf 85' lang='lat' dir='ltr'>ut</span> <span class='ocrx_word' id='word_1_111' title='bbox 882 1552 1038 1613; x_wconf 65' lang='lat' dir='ltr'>essem</span> <span class='ocrx_word' id='word_1_112' title='bbox 1071 1554 1139 1613; x_wconf 83' lang='lat' dir='ltr'>ad</span> <span class='ocrx_word' id='word_1_113' title='bbox 1172 1546 1389 1613; x_wconf 76' lang='lat' dir='ltr'>urbemt</span> 
     </span>
     <span class='ocr_line' id='line_1_18' title="bbox 182 1638 1386 1727; baseline -0.002 -26"><span class='ocrx_word' id='word_1_114' title='bbox 182 1641 327 1701; x_wconf 71' lang='lat' dir='ltr'>nih-il</span> <span class='ocrx_word' id='word_1_115' title='bbox 341 1642 401 1699; x_wconf 86' lang='lat' dir='ltr'>ei</span> <span class='ocrx_word' id='word_1_116' title='bbox 416 1660 505 1698; x_wconf 88' lang='lat' dir='ltr'>me</span> <span class='ocrx_word' id='word_1_117' title='bbox 516 1644 737 1717; x_wconf 76' lang='lat' dir='ltr'>gratius</span> <span class='ocrx_word' id='word_1_118' title='bbox 730 1640 912 1699; x_wconf 84' lang='lat' dir='ltr'>facere</span> <span class='ocrx_word' id='word_1_119' title='bbox 929 1638 1094 1719; x_wconf 81' lang='lat' dir='ltr'>poffe.</span> <span class='ocrx_word' id='word_1_120' title='bbox 1112 1643 1244 1727; x_wconf 83' lang='lat' dir='ltr'>haec</span> <span class='ocrx_word' id='word_1_121' title='bbox 1259 1660 1386 1699; x_wconf 85' lang='lat' dir='ltr'>ver·</span> 
     </span>
     <span class='ocr_line' id='line_1_19' title="bbox 179 1725 1384 1807; baseline -0.001 -21"><span class='ocrx_word' id='word_1_122' title='bbox 179 1729 271 1787; x_wconf 78' lang='lat' dir='ltr'>bis</span> <span class='ocrx_word' id='word_1_123' title='bbox 294 1726 567 1807; x_wconf 83' lang='lat' dir='ltr'>plurimis.</span> <span class='ocrx_word' id='word_1_124' title='bbox 614 1725 863 1786; x_wconf 84' lang='lat' dir='ltr'>intellexi</span> <span class='ocrx_word' id='word_1_125' title='bbox 887 1746 955 1785; x_wconf 83' lang='lat' dir='ltr'>ex</span> <span class='ocrx_word' id='word_1_126' title='bbox 971 1727 1182 1786; x_wconf 89' lang='lat' dir='ltr'>dierum</span> <span class='ocrx_word' id='word_1_127' title='bbox 1213 1728 1384 1785; x_wconf 75' lang='lat' dir='ltr'>ratio-</span> 
     </span>
     <span class='ocr_line' id='line_1_20' title="bbox 182 1810 1388 1891; baseline -0.002 -17"><span class='ocrx_word' id='word_1_128' title='bbox 182 1834 279 1887; x_wconf 82' lang='lat' dir='ltr'>ne,</span> <span class='ocrx_word' id='word_1_129' title='bbox 302 1828 365 1871; x_wconf 88' lang='lat' dir='ltr'>ut</span> <span class='ocrx_word' id='word_1_130' title='bbox 389 1814 626 1891; x_wconf 88' lang='lat' dir='ltr'>primum</span> <span class='ocrx_word' id='word_1_131' title='bbox 642 1814 711 1873; x_wconf 90' lang='lat' dir='ltr'>de</span> <span class='ocrx_word' id='word_1_132' title='bbox 732 1810 952 1871; x_wconf 81' lang='lat' dir='ltr'>discessu</span> <span class='ocrx_word' id='word_1_133' title='bbox 979 1811 1167 1871; x_wconf 85' lang='lat' dir='ltr'>nostro</span> <span class='ocrx_word' id='word_1_134' title='bbox 1191 1812 1388 1873; x_wconf 81' lang='lat' dir='ltr'>Caesar</span> 
     </span>
     <span class='ocr_line' id='line_1_21' title="bbox 182 1898 1386 1979; baseline 0 -20"><span class='ocrx_word' id='word_1_135' title='bbox 182 1898 433 1972; x_wconf 75' lang='lat' dir='ltr'>audiiset,</span> <span class='ocrx_word' id='word_1_136' title='bbox 472 1898 717 1959; x_wconf 85' lang='lat' dir='ltr'>laborare</span> <span class='ocrx_word' id='word_1_137' title='bbox 739 1919 861 1957; x_wconf 84' lang='lat' dir='ltr'>eum</span> <span class='ocrx_word' id='word_1_138' title='bbox 887 1898 1136 1979; x_wconf 75' lang='lat' dir='ltr'>coepisse,</span> <span class='ocrx_word' id='word_1_139' title='bbox 1172 1918 1241 1957; x_wconf 88' lang='lat' dir='ltr'>ne</span> <span class='ocrx_word' id='word_1_140' title='bbox 1265 1920 1386 1959; x_wconf 89' lang='lat' dir='ltr'>om</span> 
     </span>
     <span class='ocr_line' id='line_1_22' title="bbox 182 1983 1386 2063; baseline -0.002 -17"><span class='ocrx_word' id='word_1_141' title='bbox 182 2006 288 2046; x_wconf 82' lang='lat' dir='ltr'>nes</span> <span class='ocrx_word' id='word_1_142' title='bbox 308 1983 635 2043; x_wconf 82' lang='lat' dir='ltr'>abeffemus..</span> <span class='ocrx_word' id='word_1_143' title='bbox 669 1988 853 2063; x_wconf 85' lang='lat' dir='ltr'>itaque</span> <span class='ocrx_word' id='word_1_144' title='bbox 884 2004 998 2043; x_wconf 85' lang='lat' dir='ltr'>non</span> <span class='ocrx_word' id='word_1_145' title='bbox 1023 1985 1218 2043; x_wconf 85' lang='lat' dir='ltr'>dubito</span> <span class='ocrx_word' id='word_1_146' title='bbox 1247 1987 1386 2063; x_wconf 81' lang='lat' dir='ltr'>quin</span> 
     </span>
     <span class='ocr_line' id='line_1_23' title="bbox 184 2069 1386 2150; baseline 0 -20"><span class='ocrx_word' id='word_1_147' title='bbox 184 2072 255 2130; x_wconf 81' lang='lat' dir='ltr'>ad</span> <span class='ocrx_word' id='word_1_148' title='bbox 274 2069 551 2142; x_wconf 89' lang='lat' dir='ltr'>Pisonem,</span> <span class='ocrx_word' id='word_1_149' title='bbox 590 2074 727 2149; x_wconf 88' lang='lat' dir='ltr'>quin</span> <span class='ocrx_word' id='word_1_150' title='bbox 746 2070 813 2129; x_wconf 89' lang='lat' dir='ltr'>ad</span> <span class='ocrx_word' id='word_1_151' title='bbox 829 2074 1074 2129; x_wconf 85' lang='lat' dir='ltr'>Servium</span> <span class='ocrx_word' id='word_1_152' title='bbox 1097 2069 1386 2150; x_wconf 85' lang='lat' dir='ltr'>scripserit.</span> 
     </span>
     <span class='ocr_line' id='line_1_24' title="bbox 184 2154 1394 2237; baseline -0.001 -21"><span class='ocrx_word' id='word_1_153' title='bbox 184 2157 325 2216; x_wconf 75' lang='lat' dir='ltr'>illud</span> <span class='ocrx_word' id='word_1_154' title='bbox 348 2156 589 2215; x_wconf 87' lang='lat' dir='ltr'>admiror</span> <span class='ocrx_word' id='word_1_155' title='bbox 608 2178 725 2215; x_wconf 87' lang='lat' dir='ltr'>non</span> <span class='ocrx_word' id='word_1_156' title='bbox 742 2155 916 2235; x_wconf 85' lang='lat' dir='ltr'>ipsum</span> <span class='ocrx_word' id='word_1_157' title='bbox 932 2156 999 2215; x_wconf 83' lang='lat' dir='ltr'>ad</span> <span class='ocrx_word' id='word_1_158' title='bbox 1015 2158 1101 2215; x_wconf 77' lang='lat' dir='ltr'>me</span> <span class='ocrx_word' id='word_1_159' title='bbox 1117 2154 1394 2237; x_wconf 67' lang='lat' dir='ltr'>scripsisse,</span> 
     </span>
     <span class='ocr_line' id='line_1_25' title="bbox 187 2243 1390 2321; baseline 0.002 -20"><span class='ocrx_word' id='word_1_160' title='bbox 187 2264 309 2301; x_wconf 83' lang='lat' dir='ltr'>non</span> <span class='ocrx_word' id='word_1_161' title='bbox 336 2264 431 2319; x_wconf 85' lang='lat' dir='ltr'>per</span> <span class='ocrx_word' id='word_1_162' title='bbox 462 2243 831 2315; x_wconf 83' lang='lat' dir='ltr'>Dolabellam,</span> <span class='ocrx_word' id='word_1_163' title='bbox 868 2264 988 2301; x_wconf 86' lang='lat' dir='ltr'>non</span> <span class='ocrx_word' id='word_1_164' title='bbox 1021 2264 1116 2321; x_wconf 84' lang='lat' dir='ltr'>per</span> <span class='ocrx_word' id='word_1_165' title='bbox 1143 2244 1390 2303; x_wconf 83' lang='lat' dir='ltr'>Caelium</span> 
     </span>
     <span class='ocr_line' id='line_1_26' title="bbox 187 2327 1392 2407; baseline 0.001 -20"><span class='ocrx_word' id='word_1_166' title='bbox 187 2327 369 2405; x_wconf 81' lang='lat' dir='ltr'>egiffe:</span> <span class='ocrx_word' id='word_1_167' title='bbox 394 2348 709 2407; x_wconf 82' lang='lat' dir='ltr'>quanquam</span> <span class='ocrx_word' id='word_1_168' title='bbox 728 2328 1126 2407; x_wconf 69' lang='lat' dir='ltr'>nonaspernor</span> <span class='ocrx_word' id='word_1_169' title='bbox 1141 2330 1392 2388; x_wconf 75' lang='lat' dir='ltr'>Trebatii</span> 
     </span>
     <span class='ocr_line' id='line_1_27' title="bbox 188 2413 1390 2493; baseline 0.002 -22"><span class='ocrx_word' id='word_1_170' title='bbox 188 2414 399 2486; x_wconf 70' lang='lat' dir='ltr'>litera-³„</span> <span class='ocrx_word' id='word_1_171' title='bbox 442 2436 473 2472; x_wconf 84' lang='lat' dir='ltr'><strong>a</strong></span> <span class='ocrx_word' id='word_1_172' title='bbox 502 2436 625 2493; x_wconf 80' lang='lat' dir='ltr'>quo</span> <span class='ocrx_word' id='word_1_173' title='bbox 640 2436 727 2475; x_wconf 89' lang='lat' dir='ltr'>me</span> <span class='ocrx_word' id='word_1_174' title='bbox 752 2417 912 2475; x_wconf 88' lang='lat' dir='ltr'>unice</span> <span class='ocrx_word' id='word_1_175' title='bbox 936 2414 1090 2491; x_wconf 88' lang='lat' dir='ltr'>diligi</span> <span class='ocrx_word' id='word_1_176' title='bbox 1128 2413 1257 2473; x_wconf 78' lang='lat' dir='ltr'>scio·</span> <span class='ocrx_word' id='word_1_177' title='bbox 1305 2435 1390 2473; x_wconf 87' lang='lat' dir='ltr'>re-</span> 
     </span>
     <span class='ocr_line' id='line_1_28' title="bbox 190 2498 1426 2583; baseline -0.002 -22"><span class='ocrx_word' id='word_1_178' title='bbox 190 2498 374 2581; x_wconf 75' lang='lat' dir='ltr'>scripsi</span> <span class='ocrx_word' id='word_1_179' title='bbox 412 2499 497 2561; x_wconf 82' lang='lat' dir='ltr'>ad.</span> <span class='ocrx_word' id='word_1_180' title='bbox 521 2503 873 2576; x_wconf 84' lang='lat' dir='ltr'>Trebatium,</span> <span class='ocrx_word' id='word_1_181' title='bbox 912 2499 1076 2573; x_wconf 80' lang='lat' dir='ltr'>(nam</span> <span class='ocrx_word' id='word_1_182' title='bbox 1113 2500 1181 2561; x_wconf 87' lang='lat' dir='ltr'>ad</span> <span class='ocrx_word' id='word_1_183' title='bbox 1219 2498 1426 2583; x_wconf 68' lang='lat' dir='ltr'>ipsum,</span> 
     </span>
    </p>
   </div>
  </div>
 </body>
</html>
