1734 3067
297 158 408 212 224
590 142 1253 203 EPISTOLARUM
1324 153 1351 199 ⁰.

511 340 714 383 clcER
735 344 772 382 0
813 344 1076 384 Αττιοο
1114 344 1185 385 sA
1202 344 1265 385 1..

375 409 514 481 Hui,
549 408 779 467 totiesne
809 430 897 469 me
928 410 1115 469 literas
1148 408 1347 470 dediffe
1364 416 1489 470 Ro·
1518 446 1566 483 η

287 512 456 565 mam,
491 515 614 552 cum
639 493 707 553 ad
738 512 790 554 te
809 496 989 555 nullas
1020 496 1230 555 darem?
1258 510 1315 554 at
1345 519 1491 557 vero

286 576 508 657 posthac
529 578 721 639 frustra
737 584 923 655 potius
940 582 1107 653 dabo,
1130 601 1297 658 quam
1314 581 1352 639 fi
1368 603 1497 643 rec-

286 680 344 722 te
383 664 500 723 dari
533 669 814 743 potuerint
830 710 850 740 ,
894 669 1229 726 committam
1264 684 1327 725 ut
1362 690 1493 728 non

285 749 434 809 dem.
455 771 526 808 ne
548 754 838 828 provincia
855 754 1017 811 nobis
1034 769 1497 832 prorogant-,per

283 836 562 909 fortuitas„
576 837 706 895 dum
731 838 879 910 ade3‚
912 838 1181 917 quidquid
1204 840 1495 916 provideri

283 920 480 1001 potest,
496 922 748 1001 provide.
795 945 915 983 non
940 924 1049 982 diei
1086 922 1279 1002 potest,
1318 928 1493 1003 quam

285 1010 509 1085 flagrem
535 1007 790 1068 defiderio
807 1012 979 1082 urbia,
996 1014 1163 1088 quam
1185 1012 1283 1067 vix
1292 1013 1492 1069 harum

283 1116 468 1157 rerum
483 1092 832 1153 insulsitatem
851 1095 1043 1154 feram.
1064 1094 1355 1154 Marcellus
1366 1095 1491 1154 foe-

283 1180 352 1238 de
369 1180 436 1239 de
455 1179 738 1238 Comenfi=
755 1180 848 1239 etfi
872 1180 963 1239 ille
980 1180 1345 1257 magistratum
1364 1202 1497 1241 non'

282 1264 518 1341 gefferit‚
549 1283 668 1325 erat
690 1282 875 1325 tamen
904 1264 1355 1344 Transpadanus,
1406 1268 1491 1325 ita

281 1352 416 1409 mihi
433 1352 650 1410 videtur
663 1372 780 1409 non
797 1354 983 1410 minus
998 1350 1253 1423 stomachi
1272 1348 1487 1427 nostm,

279 1459 346 1497 ac
369 1435 586 1495 Caesari
615 1435 812 1496 feciffe.
859 1436 949 1497 sed
980 1441 1097 1497 hoc.
1118 1436 1230 1513 ipse
1254 1437 1481 1498 viderit.

279 1525 576 1604 Pompeius
599 1523 730 1581 mihi
747 1544 973 1601 quoque
992 1524 1301 1595 videbatur,
1325 1523 1479 1601 quod

278 1608 466 1669 scribis
504 1617 818 1667 Varronem
843 1610 1043 1682 dicere,
1070 1612 1131 1667 in
1156 1608 1481 1687 Hispaniam

277 1712 426 1757 certe
450 1700 647 1753 iturus,
693 1694 749 1752 id
765 1715 868 1771 ego
894 1697 1119 1755 minime
1151 1697 1475 1773 probabam3

276 1785 372 1859 qui
413 1780 636 1859 quidem
671 1781 1005 1859 Theophani
1027 1779 1184 1839 facile
1216 1777 1485 1859 persuasi,

275 1868 416 1925 nihil
441 1864 544 1925 esse
573 1865 766 1923 melius
786 1908 805 1938 ,
837 1886 1001 1944 quam
1040 1864 1199 1923 illum
1210 1863 1484 1943 nusquam

274 1950 565 2011 discedere.
613 1971 746 2027 ergo
778 1958 1025 2011 Graecus
1040 1952 1335 2011 incumbet.
1380 1971 1480 2013 vae

272 2038 353 2097 let
367 2054 548 2097 autem
571 2037 865 2096 auctoritas
886 2038 1005 2113 ejus
1022 2036 1167 2116 apud
1184 2035 1335 2099 illum
1352 2036 1485 2114 plu«.
1576 2052 1586 2061 ’

270 2127 471 2184 rimum
481 2168 496 2184 .
513 2143 618 2201 ego
633 2126 732 2181 has
747 2122 919 2201 pridie
928 2143 1109 2182 nonas
1128 2124 1328 2197 Quint.
1343 2142 1476 2200 pro-

269 2209 518 2271 ficiscens
543 2209 775 2267 Athenis
791 2207 941 2278 dedi;
960 2229 1083 2267 cum
1100 2210 1173 2265 ibi
1190 2208 1375 2267 decem
1392 2210 1473 2283 ip-

271 2295 364 2353 sos
378 2296 584 2356 fuissem
607 2294 744 2353 dies.
777 2309 1003 2352 venerat
1018 2294 1343 2353 Pontinius:
1362 2313 1486 2352 una·

272 2386 386 2437 Cn.
414 2378 695 2437 Volufius=
728 2378 915 2436 aderat
942 2378 1227 2452 Quaestor:
1262 2393 1389 2436 tuus
1405 2398 1471 2435 u-

270 2482 380 2524 nus
393 2464 616 2524 Tullius
631 2464 835 2521 aberat.
869 2472 1083 2539 ἄφρακτα
1100 2462 1475 2540 Rhodiorum,
