1734 3067
334 149 452 247 Ab
479 190 913 247 ATTICUM
941 190 1060 247 Lm.
1090 192 1223 245 VII.
1268 194 1379 264 35⁷

171 286 438 347 Domitio
445 327 464 359 ,
496 285 770 365 praeclara
785 285 851 344 de
868 286 1100 344 Afranio
1119 286 1259 345 fama
1278 286 1373 346 est.

165 371 332 451 quod
349 391 433 428 me
451 372 752 431 amicissime
771 371 1038 431 admones
1045 415 1063 444 ,
1084 388 1146 430 ut
1179 393 1267 432 me
1286 376 1375 433 in-

176 472 418 533 tegrum,
457 457 642 534 quoad
661 458 872 537 possim,
903 458 1131 529 servem3
1162 475 1375 536 gratum

171 542 275 602 est.
327 543 478 621 quod
501 542 679 616 addis,
721 565 792 601 ne
824 543 1143 623 propenfior
1168 544 1234 605 ad
1256 562 1376 605 tur-

173 650 304 709 pem
321 626 529 686 causam
555 630 759 687 videar:
779 647 926 689 certe
942 630 1113 689 videri
1141 630 1371 709 possum.

172 736 284 793 ego
315 735 402 773 me
425 715 618 774 ducem
641 718 701 774 in
731 718 879 775 civili
905 717 1071 790 bello,
1096 720 1278 796 quoad
1308 718 1377 777 de

175 823 311 883 pace
332 816 600 876 ageretur,
617 805 817 879 negavi
830 799 951 861 effe:
972 822 1088 861 non
1107 806 1243 882 quin
1259 825 1377 864 ree-

169 904 297 947 tum
321 886 467 946 effet:
507 884 615 961 sed,
643 890 774 966 quia
797 888 947 967 quod
978 890 1154 947 multo
1177 892 1375 949 restius

174 973 308 1049 fixit,
337 971 393 1032 id
417 974 550 1031 mihi
582 973 825 1033 fraudem
865 973 1015 1048 tulit,
1040 974 1197 1053 plane
1230 996 1379 1052 eum,

180 1063 270 1119 cui
288 1058 468 1117 noster
491 1058 721 1119 alterum
738 1060 1101 1119 Consulatum
1124 1060 1379 1138 deferret,

171 1160 238 1205 et
253 1147 614 1224 triumphum,
639 1142 724 1215 (at
741 1148 941 1225 quibus
966 1149 1177 1207 verbis?
1220 1148 1240 1180 ‘
1271 1170 1377 1229 pro

180 1230 327 1291 ‘suis
345 1234 503 1290 rebus
535 1229 694 1308 gestis
735 1232 1151 1313 amplisfimiS,’)
1189 1236 1378 1295 inimi·

175 1339 306 1378 cum
328 1320 524 1376 habere
539 1316 842 1379 nolueram.
890 1340 997 1397 ego
1012 1319 1120 1379 scio
1135 1334 1191 1380 et
1212 1341 1379 1400 quem

175 1419 440 1477 metuam,
464 1419 518 1462 et
549 1424 712 1483 quam
735 1408 809 1463 ob
847 1426 985 1466 rem.
1031 1404 1109 1466 fin
1137 1409 1242 1467 erit
1263 1409 1379 1468 bel·

173 1490 319 1565 ium,
343 1505 404 1548 ut
422 1489 586 1548 video
604 1488 745 1564 fore3
779 1508 961 1572 partes
976 1511 1124 1551 meae
1147 1514 1266 1553 non
1282 1494 1377 1555 de-

175 1575 576 1636 fiderabuntur.
623 1576 690 1634 de
709 1584 827 1637 H-S
853 1579 1091 1637 millibus
1123 1600 1219 1639 xx
1256 1586 1376 1640 Te·

174 1664 358 1721 tentia
375 1664 475 1721 tibi
493 1660 774 1743 rescripfit.
823 1664 1118 1743 DionyfiO,
1132 1665 1262 1725 dum
1278 1687 1377 1725 ex·

175 1747 475 1807 istimabam
491 1769 668 1826 vagos
700 1770 806 1809 nos
820 1750 961 1825 fore,
1000 1752 1157 1810 nolui
1184 1752 1379 1812 moles·

169 1850 270 1893 tus
303 1833 423 1894 ess'e.
475 1836 576 1895 tibi
607 1850 787 1895 autem
809 1829 1003 1896 cressbro
1035 1838 1103 1896 ad
1139 1859 1228 1898 me
1256 1836 1381 1899 scri·

173 1922 332 1979 benti
349 1919 414 1979 de
429 1922 550 1999 ejus
576 1922 760 1981 officio
783 1922 924 1981 nihil
947 1922 1205 2005 rescripfi3
1229 1926 1379 2005 quod

171 2006 320 2065 diem
351 2026 423 2064 ex
455 2006 546 2065 die
577 2011 922 2085 expedtabam
937 2052 956 2083 ,
989 2025 1051 2068 ut
1096 2012 1381 2073 statuerem

167 2092 312 2171 quid
351 2090 478 2151 effet
500 2091 826 2155 faciendum.
879 2116 1054 2169 nunc,
1097 2113 1157 2155 ut
1188 2097 1379 2174 viden,

171 2179 331 2258 pueri
347 2194 493 2237 certe
507 2180 568 2237 in
587 2183 887 2239 Formiano
902 2179 1161 2240 videntur
1174 2185 1380 2243 hiema-

169 2266 307 2323 turi=
333 2286 468 2323 num
483 2280 542 2323 et
555 2284 679 2341 ege,
699 2265 903 2326 nescio,
930 2266 969 2325 fi
984 2270 1132 2329 enim
1146 2271 1251 2327 erit
1265 2270 1381 2329 bel·

171 2350 315 2425 lum,
339 2372 464 2411 cum
484 2354 748 2430 Pompeio
779 2349 885 2411 effe
902 2354 1177 2413 constitui.
1226 2356 1382 2433 quod

171 2437 387 2495 habebo
405 2438 559 2510 certi,
581 2435 776 2513 fagiam
795 2452 856 2495 ut
872 2436 1025 2500 scias,
1056 2460 1159 2517 ego
1184 2440 1384 2500 bellum

161 2520 534 2583 foediffimum
547 2522 792 2583 futurum
806 2540 966 2602 puto,
984 2524 1083 2583 nifi
1100 2527 1219 2605 qui,
1240 2542 1301 2585 ut
1319 2542 1381 2586 tu

165 2606 302 2687 scis,
323 2609 618 2670 Parthicus
641 2608 796 2670 casus
813 2610 1077 2670 extiterit.
