1734 3067
727 0 830 11 W-..

334 160 451 215 AD
479 154 908 213 ATTICUM
927 156 1046 213 Lus.
1065 156 1226 213 vm.
1261 152 1379 232 385

172 252 420 314 firmiore
434 252 640 326 sumus;
656 250 693 311 fi
707 254 882 312 teneri
893 250 1040 332 poss'e
1055 269 1212 331 putas
1231 258 1379 312 Tar·

170 342 452 413 racinam,
476 354 533 400 et
556 358 709 397 oram
724 340 1078 414 maritimam,
1092 340 1152 397 in
1175 360 1238 397 ea
1267 360 1381 401 ma·

175 428 351 486 nebo:
376 424 469 484 etfi
485 423 741 505 praefidia
758 427 817 483 in
839 424 1058 504 oppidis
1069 424 1216 483 nulla
1231 421 1379 485 sunt.

172 531 355 573 nemo
372 512 519 571 enim
534 508 706 570 nostri
720 509 936 570 ordinis
953 512 1011 569 in
1028 512 1111 570 his
1121 510 1266 572 locis
1281 510 1382 587 est,

174 612 395 678 praeter
418 603 503 656 M.
526 599 785 676 Eppium,
822 612 986 675 quem
1004 618 1108 673 ego
1141 600 1383 660 Mintur·

174 686 271 743 nis
289 682 390 741 effe
404 684 581 759 volui,
594 682 914 761 vigilantem
925 685 1209 743 ‘hominem
1227 698 1279 742 et
1295 685 1380 742 in·

172 768 465 829 dustrium.
515 790 642 827 nam
680 776 751 827 L.
779 776 1160 847 Torquatum,
1197 772 1383 829 virum

172 855 381 916 fortem
405 872 459 913 et
488 874 609 915 cum
630 856 970 927 aneton-itate,
1008 856 1243 914 Formiis
1262 876 1382 915 non

169 941 586 1002 habemumad
610 956 669 999 te
702 938 1004 1020 proselitum
1031 944 1379 1003 arbitramur.

170 1048 288 1105 ego
306 1029 560 1102 omnino,
588 1043 649 1085 ut
672 1028 928 1106 proxime
965 1029 1064 1088 tibi
1089 1026 1382 1104 placuerat,

173 1119 430 1192 Capuam
448 1116 577 1173 veni
602 1133 670 1173 eo
689 1112 807 1193 ipso
820 1114 934 1188 die,
961 1134 1074 1192 quo
1095 1128 1154 1172 tu
1172 1120 1378 1174 Teano

86 1196 99 1205 ’
178 1198 433 1259 Sidicino
468 1220 533 1257 es
569 1199 868 1278 profeetus.
917 1199 1171 1259 volueras
1209 1202 1384 1275 enim,

130 1318 137 1325 ·
172 1306 291 1360 me,
307 1307 432 1344 cum
464 1293 547 1345 M.
575 1284 836 1345 Confidio
871 1294 1257 1367 Propraetore,
1287 1286 1385 1347 illa

170 1373 406 1449 negotia
422 1374 583 1431 tueri.
629 1393 754 1432 cum
774 1393 845 1433 eo
868 1372 1148 1449 venissem,
1164 1373 1279 1432 vidi
1298 1380 1382 1434 T.

172 1460 447 1538 Ampium
471 1458 729 1538 delectum
745 1460 943 1517 habere
960 1458 1386 1537 diligentissime,

158 1542 251 1604 'ab
288 1565 358 1603 eo
374 1546 610 1624 accipere
627 1546 901 1603 Libonem
923 1544 1126 1604 summa
1143 1545 1274 1604 item
1298 1546 1384 1605 di·

172 1631 429 1707 ligentia,
473 1646 530 1688 et
566 1632 625 1689 in
648 1629 742 1689 illa
764 1630 989 1689 colonia
1027 1634 1376 1693 auetoritate.

174 1717 263 1778 fui
290 1723 527 1795 Capuae,
538 1715 720 1795 quoad
745 1715 1032 1777 Consules.
1083 1720 1302 1793 iterum,
1318 1734 1384 1778 ut

176 1818 304 1863 erat
316 1802 521 1861 dietum
532 1805 599 1861 ab
617 1801 970 1879 Consulibus,
989 1806 1117 1863 veni
1135 1810 1384 1883 Capuam

176 1888 254 1949 ad
279 1908 457 1947 nonas
474 1891 732 1948 Februar.
752 1910 878 1950 cum
893 1889 1098 1950 fuiffem
1116 1889 1383 1965 triduum,

180 1977 367 2053 recepi
404 1994 492 2033 me
529 1978 801 2035 Formias.
848 1996 1001 2037 nunc
1031 1976 1186 2057 quod
1223 1993 1383 2038 tuum
1417 1972 1426 1979 ’

178 2059 498 2136 confilium,
522 2075 614 2118 aut
644 2082 785 2136 quae
801 2064 944 2122 ratio
968 2062 1094 2122 belli
1109 2062 1193 2138 fit,
1219 2066 1383 2141 igno·

180 2166 277 2207 ro·
322 2146 364 2205 fi
386 2145 679 2207 tenendam
697 2151 839 2207 hanc
856 2169 1008 2208 oram
1033 2166 1191 2229 putas
1199 2193 1216 2224 ,
1239 2170 1383 2227 quae

184 2246 248 2290 et
270 2235 747 2312 opportunitatem
776 2249 831 2293 et
851 2234 1174 2311 dignitatem
1198 2237 1384 2311 habet,

182 2333 244 2377 et
258 2321 511 2397 egregios
536 2321 707 2394 cives,
730 2335 807 2394 et,
824 2336 888 2379 ut
911 2323 1170 2396 arbitror,
1208 2322 1385 2381 teneri

168 2403 391 2485 'potest;
418 2424 557 2484 opus
584 2404 654 2464 est
678 2404 801 2481 effe,
816 2408 912 2487 qui
927 2407 1140 2487 praefit.
1157 2407 1234 2467 fin
1249 2428 1383 2487 ,om-

186 2491 285 2552 nia
306 2492 368 2552 in
397 2512 572 2554 unum
593 2490 779 2555 locum
813 2494 1190 2556 contrahenda
1220 2491 1378 2568 sunt;
