<?xml version="1.0" encoding="UTF-8"?>
<!DOCTYPE html PUBLIC "-//W3C//DTD XHTML 1.0 Transitional//EN"
    "http://www.w3.org/TR/xhtml1/DTD/xhtml1-transitional.dtd">
<html xmlns="http://www.w3.org/1999/xhtml" xml:lang="en" lang="en">
 <head>
  <title>
</title>
<meta http-equiv="Content-Type" content="text/html;charset=utf-8" />
  <meta name='ocr-system' content='tesseract 3.04.00' />
  <meta name='ocr-capabilities' content='ocr_page ocr_carea ocr_par ocr_line ocrx_word'/>
</head>
<body>
  <div class='ocr_page' id='page_1' title='image "./mtulliiciceroni15unkngoog/mtulliiciceroni15unkngoog_0206.png"; bbox 0 0 1734 3067; ppageno 0'>
   <div class='ocr_carea' id='block_1_1' title="bbox 363 144 1369 213">
    <p class='ocr_par' dir='ltr' id='par_1_1' title="bbox 363 144 1369 213">
     <span class='ocr_line' id='line_1_1' title="bbox 363 144 1369 213; baseline 0.001 -12"><span class='ocrx_word' id='word_1_1' title='bbox 363 158 470 213; x_wconf 78' lang='lat'>194</span> <span class='ocrx_word' id='word_1_2' title='bbox 709 144 1369 203; x_wconf 83' lang='lat' dir='ltr'><strong>EPISTOLARUM</strong></span> 
     </span>
    </p>
   </div>
   <div class='ocr_carea' id='block_1_2' title="bbox 354 231 1598 833">
    <p class='ocr_par' dir='ltr' id='par_1_2' title="bbox 354 231 1598 833">
     <span class='ocr_line' id='line_1_2' title="bbox 354 231 1598 320; baseline 0.002 -23"><span class='ocrx_word' id='word_1_3' title='bbox 354 234 481 297; x_wconf 86' lang='lat' dir='ltr'>dem</span> <span class='ocrx_word' id='word_1_4' title='bbox 512 231 695 297; x_wconf 76' lang='lat' dir='ltr'>sumus</span> <span class='ocrx_word' id='word_1_5' title='bbox 716 235 920 315; x_wconf 81' lang='lat' dir='ltr'>adepti,</span> <span class='ocrx_word' id='word_1_6' title='bbox 943 236 1098 317; x_wconf 86' lang='lat' dir='ltr'>quod</span> <span class='ocrx_word' id='word_1_7' title='bbox 1110 239 1295 298; x_wconf 81' lang='lat' dir='ltr'>multis</span> <span class='ocrx_word' id='word_1_8' title='bbox 1325 254 1384 299; x_wconf 89' lang='lat' dir='ltr'>et</span> <span class='ocrx_word' id='word_1_9' title='bbox 1407 260 1598 320; x_wconf 82' lang='lat' dir='ltr'>mag-</span> 
     </span>
     <span class='ocr_line' id='line_1_3' title="bbox 355 320 1594 401; baseline 0.005 -20"><span class='ocrx_word' id='word_1_10' title='bbox 355 323 445 381; x_wconf 80' lang='lat' dir='ltr'>nis</span> <span class='ocrx_word' id='word_1_11' title='bbox 470 320 689 381; x_wconf 79' lang='lat' dir='ltr'>indiciis</span> <span class='ocrx_word' id='word_1_12' title='bbox 714 320 992 401; x_wconf 72' lang='lat' dir='ltr'>poffumus</span> <span class='ocrx_word' id='word_1_13' title='bbox 1006 324 1272 399; x_wconf 87' lang='lat' dir='ltr'>judicare,</span> <span class='ocrx_word' id='word_1_14' title='bbox 1290 346 1400 384; x_wconf 78' lang='lat' dir='ltr'>nos</span> <span class='ocrx_word' id='word_1_15' title='bbox 1421 332 1594 387; x_wconf 81' lang='lat' dir='ltr'>Cae-</span> 
     </span>
     <span class='ocr_line' id='line_1_4' title="bbox 354 406 1584 485; baseline 0.007 -20"><span class='ocrx_word' id='word_1_16' title='bbox 354 406 457 474; x_wconf 83' lang='lat' dir='ltr'>sari</span> <span class='ocrx_word' id='word_1_17' title='bbox 480 424 535 465; x_wconf 85' lang='lat' dir='ltr'>et</span> <span class='ocrx_word' id='word_1_18' title='bbox 572 408 867 468; x_wconf 73' lang='lat' dir='ltr'>carissimos</span> <span class='ocrx_word' id='word_1_19' title='bbox 905 426 960 465; x_wconf 84' lang='lat' dir='ltr'>et</span> <span class='ocrx_word' id='word_1_20' title='bbox 977 410 1394 485; x_wconf 72' lang='lat' dir='ltr'>jucundissimos</span> <span class='ocrx_word' id='word_1_21' title='bbox 1435 413 1584 473; x_wconf 79' lang='lat' dir='ltr'>effe.</span> 
     </span>
     <span class='ocr_line' id='line_1_5' title="bbox 355 493 1582 572; baseline 0.007 -21"><span class='ocrx_word' id='word_1_22' title='bbox 355 493 685 571; x_wconf 74' lang='lat' dir='ltr'>Dionysium</span> <span class='ocrx_word' id='word_1_23' title='bbox 704 494 869 553; x_wconf 89' lang='lat' dir='ltr'>velim</span> <span class='ocrx_word' id='word_1_24' title='bbox 890 493 1316 572; x_wconf 82' lang='lat' dir='ltr'>salverejubeas,</span> <span class='ocrx_word' id='word_1_25' title='bbox 1353 513 1408 555; x_wconf 86' lang='lat' dir='ltr'>et</span> <span class='ocrx_word' id='word_1_26' title='bbox 1432 519 1582 561; x_wconf 83' lang='lat' dir='ltr'>eum</span> 
     </span>
     <span class='ocr_line' id='line_1_6' title="bbox 354 583 1579 660; baseline 0.003 -21"><span class='ocrx_word' id='word_1_27' title='bbox 354 600 517 657; x_wconf 73' lang='lat' dir='ltr'>roges</span> <span class='ocrx_word' id='word_1_28' title='bbox 542 596 596 639; x_wconf 87' lang='lat' dir='ltr'>et</span> <span class='ocrx_word' id='word_1_29' title='bbox 612 583 854 653; x_wconf 84' lang='lat' dir='ltr'>hortere,</span> <span class='ocrx_word' id='word_1_30' title='bbox 889 596 951 639; x_wconf 87' lang='lat' dir='ltr'>ut</span> <span class='ocrx_word' id='word_1_31' title='bbox 968 583 1370 660; x_wconf 83' lang='lat' dir='ltr'><strong>quamprimum</strong></span> <span class='ocrx_word' id='word_1_32' title='bbox 1398 587 1579 643; x_wconf 86' lang='lat' dir='ltr'>veni·</span> 
     </span>
     <span class='ocr_line' id='line_1_7' title="bbox 354 664 1578 751; baseline 0.005 -27"><span class='ocrx_word' id='word_1_33' title='bbox 354 682 435 740; x_wconf 81' lang='lat' dir='ltr'>at,</span> <span class='ocrx_word' id='word_1_34' title='bbox 458 682 521 725; x_wconf 79' lang='lat' dir='ltr'>ut</span> <span class='ocrx_word' id='word_1_35' title='bbox 543 664 699 745; x_wconf 84' lang='lat' dir='ltr'>poffit</span> <span class='ocrx_word' id='word_1_36' title='bbox 713 668 1038 727; x_wconf 85' lang='lat' dir='ltr'>Ciceronem</span> <span class='ocrx_word' id='word_1_37' title='bbox 1049 686 1253 745; x_wconf 85' lang='lat' dir='ltr'>meum,</span> <span class='ocrx_word' id='word_1_38' title='bbox 1269 682 1432 751; x_wconf 79' lang='lat' dir='ltr'>atque</span> <span class='ocrx_word' id='word_1_39' title='bbox 1455 672 1578 729; x_wconf 87' lang='lat' dir='ltr'>eti·</span> 
     </span>
     <span class='ocr_line' id='line_1_8' title="bbox 358 750 1031 833; baseline 0 -20"><span class='ocrx_word' id='word_1_40' title='bbox 358 774 447 813; x_wconf 72' lang='lat' dir='ltr'>am</span> <span class='ocrx_word' id='word_1_41' title='bbox 470 750 771 833; x_wconf 83' lang='lat' dir='ltr'>meipsum,</span> <span class='ocrx_word' id='word_1_42' title='bbox 794 753 1031 813; x_wconf 84' lang='lat' dir='ltr'>erudire.</span> 
     </span>
    </p>
   </div>
   <div class='ocr_carea' id='block_1_3' title="bbox 356 944 1634 2555">
    <p class='ocr_par' dir='ltr' id='par_1_3' title="bbox 364 944 1328 1003">
     <span class='ocr_line' id='line_1_9' title="bbox 364 944 1328 1003; baseline 0.002 -19"><span class='ocrx_word' id='word_1_43' title='bbox 364 998 369 1003; x_wconf 20' lang='grc' dir='ltr'>ι</span> <span class='ocrx_word' id='word_1_44' title='bbox 600 944 857 985; x_wconf 65' lang='lat' dir='ltr'>emeno</span> <span class='ocrx_word' id='word_1_45' title='bbox 893 944 1150 985; x_wconf 74' lang='grc' dir='ltr'>Αττιεο</span> <span class='ocrx_word' id='word_1_46' title='bbox 1181 946 1328 987; x_wconf 68' lang='lat' dir='ltr'>sm..</span> 
     </span>
    </p>

    <p class='ocr_par' dir='ltr' id='par_1_4' title="bbox 356 1010 1634 2555">
     <span class='ocr_line' id='line_1_10' title="bbox 372 1010 1634 1091; baseline 0.002 -22"><span class='ocrx_word' id='word_1_47' title='bbox 372 1082 379 1091; x_wconf 91' lang='lat'>.</span> <span class='ocrx_word' id='word_1_48' title='bbox 446 1015 890 1090; x_wconf 84' lang='lat' dir='ltr'>Occupationum</span> <span class='ocrx_word' id='word_1_49' title='bbox 927 1031 1168 1069; x_wconf 86' lang='lat' dir='ltr'>mearum</span> <span class='ocrx_word' id='word_1_50' title='bbox 1202 1012 1289 1070; x_wconf 87' lang='lat' dir='ltr'>vel</span> <span class='ocrx_word' id='word_1_51' title='bbox 1317 1016 1423 1072; x_wconf 87' lang='lat' dir='ltr'>hoc</span> <span class='ocrx_word' id='word_1_52' title='bbox 1453 1010 1566 1091; x_wconf 83' lang='lat' dir='ltr'>fig-</span> <span class='ocrx_word' id='word_1_53' title='bbox 1587 1035 1634 1077; x_wconf 82' lang='lat'>16</span> 
     </span>
     <span class='ocr_line' id='line_1_11' title="bbox 358 1096 1634 1176; baseline 0.001 -17"><span class='ocrx_word' id='word_1_54' title='bbox 358 1118 491 1159; x_wconf 84' lang='lat' dir='ltr'>num</span> <span class='ocrx_word' id='word_1_55' title='bbox 508 1097 796 1176; x_wconf 87' lang='lat' dir='ltr'>erit‚quod</span> <span class='ocrx_word' id='word_1_56' title='bbox 811 1096 1036 1175; x_wconf 86' lang='lat' dir='ltr'>epistola</span> <span class='ocrx_word' id='word_1_57' title='bbox 1051 1096 1256 1157; x_wconf 85' lang='lat' dir='ltr'>librarii</span> <span class='ocrx_word' id='word_1_58' title='bbox 1271 1118 1436 1158; x_wconf 84' lang='lat' dir='ltr'>manu</span> <span class='ocrx_word' id='word_1_59' title='bbox 1460 1100 1562 1161; x_wconf 87' lang='lat' dir='ltr'>est.</span> <span class='ocrx_word' id='word_1_60' title='bbox 1629 1136 1634 1141; x_wconf 93' lang='lat'><strong>·</strong></span> 
     </span>
     <span class='ocr_line' id='line_1_12' title="bbox 358 1181 1564 1261; baseline 0.003 -22"><span class='ocrx_word' id='word_1_61' title='bbox 358 1182 425 1240; x_wconf 89' lang='lat' dir='ltr'>de</span> <span class='ocrx_word' id='word_1_62' title='bbox 449 1181 791 1261; x_wconf 84' lang='lat' dir='ltr'>epistolarum</span> <span class='ocrx_word' id='word_1_63' title='bbox 822 1183 1134 1260; x_wconf 83' lang='lat' dir='ltr'>frequentia</span> <span class='ocrx_word' id='word_1_64' title='bbox 1157 1199 1213 1241; x_wconf 90' lang='lat' dir='ltr'>te</span> <span class='ocrx_word' id='word_1_65' title='bbox 1229 1184 1364 1242; x_wconf 81' lang='lat' dir='ltr'>nihil</span> <span class='ocrx_word' id='word_1_66' title='bbox 1399 1206 1564 1243; x_wconf 84' lang='lat' dir='ltr'>accu-</span> 
     </span>
     <span class='ocr_line' id='line_1_13' title="bbox 356 1258 1564 1348; baseline 0.002 -21"><span class='ocrx_word' id='word_1_67' title='bbox 356 1258 436 1328; x_wconf 73' lang='lat' dir='ltr'>so,</span> <span class='ocrx_word' id='word_1_68' title='bbox 454 1266 543 1327; x_wconf 90' lang='lat' dir='ltr'>sed</span> <span class='ocrx_word' id='word_1_69' title='bbox 559 1268 843 1348; x_wconf 81' lang='lat' dir='ltr'>pleraeque</span> <span class='ocrx_word' id='word_1_70' title='bbox 857 1268 1248 1329; x_wconf 84' lang='lat' dir='ltr'>tantummodo</span> <span class='ocrx_word' id='word_1_71' title='bbox 1261 1271 1398 1327; x_wconf 85' lang='lat' dir='ltr'>mihi</span> <span class='ocrx_word' id='word_1_72' title='bbox 1414 1290 1564 1330; x_wconf 86' lang='lat' dir='ltr'>nun-</span> 
     </span>
     <span class='ocr_line' id='line_1_14' title="bbox 358 1352 1564 1433; baseline 0.004 -21"><span class='ocrx_word' id='word_1_73' title='bbox 358 1356 572 1413; x_wconf 82' lang='lat' dir='ltr'>tiabant</span> <span class='ocrx_word' id='word_1_74' title='bbox 596 1358 687 1414; x_wconf 89' lang='lat' dir='ltr'>ubi</span> <span class='ocrx_word' id='word_1_75' title='bbox 711 1352 863 1430; x_wconf 80' lang='lat' dir='ltr'>effes,</span> <span class='ocrx_word' id='word_1_76' title='bbox 895 1355 1049 1433; x_wconf 89' lang='lat' dir='ltr'>quod</span> <span class='ocrx_word' id='word_1_77' title='bbox 1079 1371 1238 1414; x_wconf 88' lang='lat' dir='ltr'>eran-t</span> <span class='ocrx_word' id='word_1_78' title='bbox 1259 1357 1356 1418; x_wconf 77' lang='lat' dir='ltr'>abs</span> <span class='ocrx_word' id='word_1_79' title='bbox 1381 1370 1453 1415; x_wconf 87' lang='lat' dir='ltr'>te:</span> <span class='ocrx_word' id='word_1_80' title='bbox 1473 1357 1564 1417; x_wconf 86' lang='lat' dir='ltr'>vel</span> 
     </span>
     <span class='ocr_line' id='line_1_15' title="bbox 357 1439 1562 1520; baseline -0.002 -17"><span class='ocrx_word' id='word_1_81' title='bbox 357 1444 523 1503; x_wconf 78' lang='lat' dir='ltr'>etiam</span> <span class='ocrx_word' id='word_1_82' title='bbox 540 1439 934 1519; x_wconf 71' lang='lat' dir='ltr'>significabant,</span> <span class='ocrx_word' id='word_1_83' title='bbox 952 1446 1093 1499; x_wconf 61' lang='lat' dir='ltr'>reete</span> <span class='ocrx_word' id='word_1_84' title='bbox 1107 1439 1230 1499; x_wconf 82' lang='lat' dir='ltr'>effe:</span> <span class='ocrx_word' id='word_1_85' title='bbox 1251 1462 1366 1520; x_wconf 89' lang='lat' dir='ltr'>quo</span> <span class='ocrx_word' id='word_1_86' title='bbox 1389 1443 1448 1499; x_wconf 88' lang='lat' dir='ltr'>in</span> <span class='ocrx_word' id='word_1_87' title='bbox 1463 1463 1562 1519; x_wconf 85' lang='lat' dir='ltr'>ge·</span> 
     </span>
     <span class='ocr_line' id='line_1_16' title="bbox 358 1526 1561 1587; baseline 0 0"><span class='ocrx_word' id='word_1_88' title='bbox 358 1530 755 1587; x_wconf 80' lang='lat' dir='ltr'>ncre&#39;maxime</span> <span class='ocrx_word' id='word_1_89' title='bbox 784 1526 1116 1586; x_wconf 64' lang='lat' dir='ltr'>delectarunt</span> <span class='ocrx_word' id='word_1_90' title='bbox 1143 1526 1281 1585; x_wconf 79' lang='lat' dir='ltr'>duae</span> <span class='ocrx_word' id='word_1_91' title='bbox 1309 1526 1421 1585; x_wconf 86' lang='lat' dir='ltr'>fere</span> <span class='ocrx_word' id='word_1_92' title='bbox 1462 1548 1561 1587; x_wconf 89' lang='lat' dir='ltr'>eo-</span> 
     </span>
     <span class='ocr_line' id='line_1_17' title="bbox 360 1611 1564 1692; baseline 0.002 -21"><span class='ocrx_word' id='word_1_93' title='bbox 360 1614 483 1681; x_wconf 87' lang='lat' dir='ltr'>dem</span> <span class='ocrx_word' id='word_1_94' title='bbox 513 1628 759 1692; x_wconf 84' lang='lat' dir='ltr'>tempore</span> <span class='ocrx_word' id='word_1_95' title='bbox 772 1613 866 1671; x_wconf 84' lang='lat' dir='ltr'>ab&#39;s</span> <span class='ocrx_word' id='word_1_96' title='bbox 891 1632 945 1671; x_wconf 87' lang='lat' dir='ltr'>te</span> <span class='ocrx_word' id='word_1_97' title='bbox 974 1612 1340 1673; x_wconf 82' lang='lat' dir='ltr'>Brutodatae.</span> <span class='ocrx_word' id='word_1_98' title='bbox 1355 1611 1489 1673; x_wconf 86' lang='lat' dir='ltr'>scire</span> <span class='ocrx_word' id='word_1_99' title='bbox 1503 1635 1564 1673; x_wconf 90' lang='lat' dir='ltr'>e-</span> 
     </span>
     <span class='ocr_line' id='line_1_18' title="bbox 360 1697 1564 1776; baseline 0 -17"><span class='ocrx_word' id='word_1_100' title='bbox 360 1702 476 1769; x_wconf 80' lang='lat' dir='ltr'>nim</span> <span class='ocrx_word' id='word_1_101' title='bbox 498 1698 749 1758; x_wconf 85' lang='lat' dir='ltr'>volebam</span> <span class='ocrx_word' id='word_1_102' title='bbox 774 1715 828 1757; x_wconf 88' lang='lat' dir='ltr'>te</span> <span class='ocrx_word' id='word_1_103' title='bbox 852 1698 1146 1758; x_wconf 89' lang='lat' dir='ltr'>commode</span> <span class='ocrx_word' id='word_1_104' title='bbox 1160 1697 1452 1776; x_wconf 72' lang='lat' dir='ltr'>navigass&#39;e.</span> <span class='ocrx_word' id='word_1_105' title='bbox 1468 1698 1564 1759; x_wconf 89' lang='lat' dir='ltr'>sed</span> 
     </span>
     <span class='ocr_line' id='line_1_19' title="bbox 361 1784 1564 1865; baseline -0.004 -16"><span class='ocrx_word' id='word_1_106' title='bbox 361 1789 493 1857; x_wconf 69' lang='lat' dir='ltr'>haec</span> <span class='ocrx_word' id='word_1_107' title='bbox 508 1784 849 1865; x_wconf 83' lang='lat' dir='ltr'>epistolarum</span> <span class='ocrx_word' id='word_1_108' title='bbox 883 1784 1194 1863; x_wconf 76' lang='lat' dir='ltr'>frequentia</span> <span class='ocrx_word' id='word_1_109' title='bbox 1217 1805 1336 1843; x_wconf 88' lang='lat' dir='ltr'>non</span> <span class='ocrx_word' id='word_1_110' title='bbox 1367 1784 1482 1844; x_wconf 71' lang='lat' dir='ltr'>t&#39;am</span> <span class='ocrx_word' id='word_1_111' title='bbox 1498 1808 1564 1844; x_wconf 90' lang='lat' dir='ltr'>u-</span> 
     </span>
     <span class='ocr_line' id='line_1_20' title="bbox 360 1868 1565 1950; baseline 0.002 -20"><span class='ocrx_word' id='word_1_112' title='bbox 360 1875 573 1941; x_wconf 85' lang='lat' dir='ltr'>bertate</span> <span class='ocrx_word' id='word_1_113' title='bbox 596 1868 711 1945; x_wconf 88' lang='lat' dir='ltr'>sua,</span> <span class='ocrx_word' id='word_1_114' title='bbox 742 1892 910 1950; x_wconf 85' lang='lat' dir='ltr'>quam</span> <span class='ocrx_word' id='word_1_115' title='bbox 946 1870 1218 1930; x_wconf 84' lang='lat' dir='ltr'>celeritate</span> <span class='ocrx_word' id='word_1_116' title='bbox 1255 1869 1565 1933; x_wconf 64' lang='lat' dir='ltr'>deleeiavit.</span> 
     </span>
     <span class='ocr_line' id='line_1_21' title="bbox 361 1956 1570 2037; baseline 0 -20"><span class='ocrx_word' id='word_1_117' title='bbox 361 1957 459 2029; x_wconf 76' lang='lat' dir='ltr'>illa</span> <span class='ocrx_word' id='word_1_118' title='bbox 496 1957 602 2017; x_wconf 80' lang='lat' dir='ltr'>fuit</span> <span class='ocrx_word' id='word_1_119' title='bbox 634 1959 843 2037; x_wconf 74' lang='lat' dir='ltr'>graviS,</span> <span class='ocrx_word' id='word_1_120' title='bbox 881 1973 938 2015; x_wconf 90' lang='lat' dir='ltr'>et</span> <span class='ocrx_word' id='word_1_121' title='bbox 960 1956 1124 2036; x_wconf 87' lang='lat' dir='ltr'>plena</span> <span class='ocrx_word' id='word_1_122' title='bbox 1159 1976 1364 2031; x_wconf 87' lang='lat' dir='ltr'>rerum,</span> <span class='ocrx_word' id='word_1_123' title='bbox 1400 1978 1570 2036; x_wconf 78' lang='lat' dir='ltr'>quam</span> 
     </span>
     <span class='ocr_line' id='line_1_22' title="bbox 363 2041 1567 2122; baseline -0.005 -13"><span class='ocrx_word' id='word_1_124' title='bbox 363 2046 500 2109; x_wconf 79' lang='lat' dir='ltr'>mihi</span> <span class='ocrx_word' id='word_1_125' title='bbox 518 2050 603 2108; x_wconf 93' lang='lat' dir='ltr'>M.</span> <span class='ocrx_word' id='word_1_126' title='bbox 632 2046 878 2117; x_wconf 73' lang='lat' dir='ltr'>Paccius„</span> <span class='ocrx_word' id='word_1_127' title='bbox 900 2041 1095 2122; x_wconf 79' lang='lat' dir='ltr'>hospes</span> <span class='ocrx_word' id='word_1_128' title='bbox 1125 2059 1277 2118; x_wconf 79' lang='lat' dir='ltr'>tuus,</span> <span class='ocrx_word' id='word_1_129' title='bbox 1307 2041 1567 2103; x_wconf 85' lang='lat' dir='ltr'>reddidit.</span> 
     </span>
     <span class='ocr_line' id='line_1_23' title="bbox 366 2128 1571 2207; baseline -0.003 -14"><span class='ocrx_word' id='word_1_130' title='bbox 366 2131 436 2193; x_wconf 80' lang='lat' dir='ltr'>ad</span> <span class='ocrx_word' id='word_1_131' title='bbox 458 2153 581 2193; x_wconf 85' lang='lat' dir='ltr'>eum</span> <span class='ocrx_word' id='word_1_132' title='bbox 611 2128 898 2191; x_wconf 81' lang='lat' dir='ltr'>rescribam</span> <span class='ocrx_word' id='word_1_133' title='bbox 921 2130 1110 2205; x_wconf 87' lang='lat' dir='ltr'>igitur,</span> <span class='ocrx_word' id='word_1_134' title='bbox 1131 2144 1187 2187; x_wconf 90' lang='lat' dir='ltr'>et</span> <span class='ocrx_word' id='word_1_135' title='bbox 1215 2132 1322 2187; x_wconf 91' lang='lat' dir='ltr'>hoc</span> <span class='ocrx_word' id='word_1_136' title='bbox 1345 2128 1571 2207; x_wconf 88' lang='lat' dir='ltr'>quidem</span> 
     </span>
     <span class='ocr_line' id='line_1_24' title="bbox 365 2212 1616 2301; baseline -0.004 -23"><span class='ocrx_word' id='word_1_137' title='bbox 365 2222 627 2301; x_wconf 61' lang='lat' dir='ltr'>prunum.</span> <span class='ocrx_word' id='word_1_138' title='bbox 648 2218 843 2276; x_wconf 83' lang='lat' dir='ltr'>Paccio</span> <span class='ocrx_word' id='word_1_139' title='bbox 856 2236 915 2273; x_wconf 88' lang='lat' dir='ltr'>re</span> <span class='ocrx_word' id='word_1_140' title='bbox 931 2230 986 2274; x_wconf 94' lang='lat' dir='ltr'>et</span> <span class='ocrx_word' id='word_1_141' title='bbox 1004 2216 1184 2275; x_wconf 85' lang='lat' dir='ltr'>verbis</span> <span class='ocrx_word' id='word_1_142' title='bbox 1201 2212 1574 2293; x_wconf 84' lang='lat' dir='ltr'>ostendi,quid</span> <span class='ocrx_word' id='word_1_143' title='bbox 1603 2241 1616 2247; x_wconf 92' lang='lat'>·</span> 
     </span>
     <span class='ocr_line' id='line_1_25' title="bbox 366 2300 1569 2380; baseline -0.003 -17"><span class='ocrx_word' id='word_1_144' title='bbox 366 2320 461 2374; x_wconf 67' lang='lat' dir='ltr'>tua</span> <span class='ocrx_word' id='word_1_145' title='bbox 480 2302 888 2363; x_wconf 85' lang='lat' dir='ltr'>commendatio</span> <span class='ocrx_word' id='word_1_146' title='bbox 905 2300 1168 2380; x_wconf 87' lang='lat' dir='ltr'>ponderis</span> <span class='ocrx_word' id='word_1_147' title='bbox 1184 2303 1427 2359; x_wconf 87' lang='lat' dir='ltr'>haberet.</span> <span class='ocrx_word' id='word_1_148' title='bbox 1457 2303 1569 2359; x_wconf 83' lang='lat' dir='ltr'>ita-</span> 
     </span>
     <span class='ocr_line' id='line_1_26' title="bbox 368 2386 1570 2469; baseline -0.005 -18"><span class='ocrx_word' id='word_1_149' title='bbox 368 2410 477 2469; x_wconf 86' lang='lat' dir='ltr'>que</span> <span class='ocrx_word' id='word_1_150' title='bbox 500 2392 558 2446; x_wconf 91' lang='lat' dir='ltr'>in</span> <span class='ocrx_word' id='word_1_151' title='bbox 572 2389 785 2449; x_wconf 87' lang='lat' dir='ltr'>intimis</span> <span class='ocrx_word' id='word_1_152' title='bbox 802 2386 876 2447; x_wconf 90' lang='lat' dir='ltr'>est</span> <span class='ocrx_word' id='word_1_153' title='bbox 899 2389 1056 2461; x_wconf 60' lang='lat' dir='ltr'>meir„</span> <span class='ocrx_word' id='word_1_154' title='bbox 1075 2408 1200 2445; x_wconf 88' lang='lat' dir='ltr'>cum</span> <span class='ocrx_word' id='word_1_155' title='bbox 1217 2400 1382 2444; x_wconf 85' lang='lat' dir='ltr'>antea</span> <span class='ocrx_word' id='word_1_156' title='bbox 1395 2402 1570 2447; x_wconf 80' lang='lat' dir='ltr'>notus</span> 
     </span>
     <span class='ocr_line' id='line_1_27' title="bbox 370 2466 1569 2555; baseline -0.001 -20"><span class='ocrx_word' id='word_1_157' title='bbox 370 2497 493 2541; x_wconf 76' lang='lat' dir='ltr'>nou</span> <span class='ocrx_word' id='word_1_158' title='bbox 534 2473 732 2535; x_wconf 84' lang='lat' dir='ltr'>fuiffet.</span> <span class='ocrx_word' id='word_1_159' title='bbox 794 2494 948 2535; x_wconf 86' lang='lat' dir='ltr'>nunc</span> <span class='ocrx_word' id='word_1_160' title='bbox 981 2493 1204 2555; x_wconf 84' lang='lat' dir='ltr'>pergam</span> <span class='ocrx_word' id='word_1_161' title='bbox 1233 2470 1304 2533; x_wconf 88' lang='lat' dir='ltr'>ad</span> <span class='ocrx_word' id='word_1_162' title='bbox 1332 2466 1569 2533; x_wconf 64' lang='lat' dir='ltr'>caciera·</span> 
     </span>
    </p>
   </div>
  </div>
 </body>
</html>
