1734 3067
281 146 385 205 ¹32
542 138 1198 195 EPISTOLARUM

268 232 529 291 nitemur.
578 232 678 308 fin,
694 248 757 299 ut
776 234 914 291 mihi
941 233 1220 308 videntur,
1247 230 1551 295 infirma*

270 308 421 389 sunt3
448 319 601 396 quod
627 321 843 400 optimo
875 334 1121 399 tempore
1141 318 1317 379 facere
1345 342 1527 379 non

267 400 447 478 licuit,
466 406 653 463 minus
677 406 882 465 idoneo
914 405 1028 464 fiet.
1075 408 1346 465 Terentia
1367 408 1548 465 tibi·

270 487 425 568 saepe
454 492 567 567 agit
580 493 802 567 gratias,
849 494 984 551 mihi
1010 494 1173 551 etiam
1203 513 1378 551 unum
1405 494 1516 553 de

268 576 431 637 malis
460 577 521 635 in
538 594 687 636 metu
710 577 805 652 est,
840 577 1028 640 fratris
1045 576 1221 637 miseri
1250 581 1506 654 negoti·

270 682 391 734 um;
432 662 584 742 quod
614 662 652 723 fi
674 662 835 723 sciam
850 662 1158 741 cujusmodi
1185 662 1271 738 fit,
1307 655 1498 725 sciam

272 747 410 826 quid
436 748 709 827 agendum
730 752 865 809 mihi
887 750 972 810 fit.
1017 770 1106 809 me
1133 751 1296 811 etiam
1321 771 1500 811 nunc

272 834 495 895 illorum
512 836 900 896 beneficiorum
905 852 982 909 ,et
992 837 1268 895 literarum
1283 856 1494 915 expec-

272 922 439 994 tatio,
454 936 519 981 ut
539 922 649 982 tibi
660 921 1278 1004 plaeet,Theffalonicae
1301 937 1488 1005 tener.

273 1004 316 1067 fi
332 1006 467 1087 quid
480 1025 597 1067 erat
610 1010 746 1069 novi
760 1009 982 1068 allatum
988 1006 1169 1083 ,sciam
1177 1007 1244 1068 de
1259 1008 1484 1088 reliquo

200 1104 207 1110 “
276 1092 413 1173 quid
436 1095 707 1171 agendum
734 1092 824 1157 fit.
868 1110 928 1153 tu
951 1093 1020 1171 fi,
1037 1109 1102 1153 ut
1122 1092 1334 1170 scribis,
1361 1094 1480 1155 kal.

276 1186 417 1255 Jun.
446 1186 625 1241 Roma
639 1179 916 1262 profestos
930 1200 1010 1256 es,
1035 1181 1350 1261 propediem
1365 1200 1482 1241 nos

278 1264 513 1327 videbis,
528 1268 734 1343 literaS,
748 1288 886 1346 quas
903 1268 971 1328 ad
983 1268 1300 1345 Pompeium
1315 1265 1486 1347 scrip-

278 1350 341 1429 fi,
368 1354 467 1415 tibi
482 1343 617 1416 mifi.
642 1353 756 1415 dat.
774 1353 855 1414 id.·
873 1361 1009 1433 Jun.
1038 1350 1482 1416 Theffalonicae.

284 1592 294 1603 ,
503 1545 765 1588 cronno
807 1547 1070 1589 Αττιοο
1109 1545 1258 1589 sn..

369 1616 513 1675 Acta
524 1634 662 1693 quae
683 1613 853 1675 essent
879 1612 1050 1695 usque
1069 1610 1140 1675 ad
1161 1632 1198 1671 v
1213 1633 1232 1673 ι
1248 1632 1269 1673 1
1285 1631 1331 1673 ι.
1361 1610 1483 1671 kal.
1507 1637 1562 1673 10

280 1706 421 1778 Jun.
440 1702 687 1777 cognovi
706 1721 780 1761 ex
801 1702 910 1761 tuis
927 1702 1124 1761 literis.
1161 1698 1484 1777 reliquaex-

280 1788 588 1865 perstabam,
620 1802 685 1846 ut
713 1789 815 1847 tibi
839 1788 1110 1867 placebat,
1131 1784 1489 1845 Thess'aloni·

282 1894 403 1943 cae:
420 1875 621 1951 quibus
638 1873 817 1933 allatis
832 1874 1046 1934 facilius
1070 1872 1300 1932 statuere
1325 1886 1489 1951 pote·

283 1980 353 2021 10
368 1961 463 2019 ubi
478 1956 612 2019 fim.‘
643 1980 773 2020 nam
788 1958 826 2019 fi
842 1962 948 2019 erit
963 1957 1143 2034 causa,
1159 1957 1198 2018 fi
1213 1959 1345 2038 quid
1361 1977 1491 2033 age·

170 2096 175 2104 .
281 2062 399 2121 tur,
422 2044 461 2105 fi
484 2043 633 2125 spem
645 2047 862 2122 videro,
885 2062 981 2105 aut
994 2044 1194 2105 ibidem
1209 2044 1492 2124 opperiar,

282 2147 384 2193 aut
403 2150 491 2193 me
504 2132 572 2193 ad
589 2148 643 2191 te
658 2132 962 2193 conferam:
988 2129 1092 2206 fin,
1106 2146 1170 2189 ut
1198 2146 1260 2189 tu
1275 2129 1490 2205 scribis,

282 2218 384 2279 ista
398 2221 744 2294 evanuerint,
762 2219 968 2299 aliquid
992 2215 1137 2277 aliud
1157 2216 1489 2277 videbimus·-

284 2308 525 2365 omnino
540 2305 717 2365 adhuc
732 2304 874 2365 nihil
893 2306 1028 2363 mihi
1051 2302 1362 2381 significatis
1386 2300 1488 2361 nifi

284 2388 609 2450 discordiam
630 2388 876 2462 istorum3
910 2410 1049 2469 quae
1064 2405 1248 2449 tamen
1263 2391 1409 2447 inter
1428 2409 1486 2447 e·

285 2494 355 2561 ps
370 2474 437 2535 de
450 2476 704 2537 omnibus
725 2476 916 2556 potius
933 2478 1094 2538 rebus
1117 2473 1215 2557 est,
1233 2494 1401 2558 quam
1416 2474 1490 2537 de
